COLLECTION_TIME,MESSAGE_ID,MESSAGE_TYPE,SYMBOL,PRICE,SIZE,TRADE_ID,TRADE_FLAGS
2021-11-15 13:50:28.753903104,83914,T,SPY,469.000000,50,8397951,EXTENDED_HOURS|ODD_LOT
2021-11-15 13:54:30.814212096,87872,T,SPY,468.960000,36,8988749,INTERMARKET_SWEEP|EXTENDED_HOURS|ODD_LOT
2021-11-15 13:55:38.592344064,88919,T,SPY,468.910000,2,9127202,EXTENDED_HOURS|ODD_LOT
2021-11-15 13:56:12.755872000,89440,T,SPY,468.910000,2,9200979,EXTENDED_HOURS|ODD_LOT
2021-11-15 13:56:43.843546880,89942,T,SPY,468.960000,2,9278046,EXTENDED_HOURS|ODD_LOT
2021-11-15 14:12:00.145858048,112638,T,SPY,468.960000,26,12048552,EXTENDED_HOURS|ODD_LOT
2021-11-15 14:26:19.35069952,134515,T,SPY,468.790000,500,15014009,INTERMARKET_SWEEP|EXTENDED_HOURS
2021-11-15 14:30:00.323070976,180470,T,SPY,468.690000,300,17720097,REGULAR_HOURS
2021-11-15 14:30:00.345982976,180802,T,SPY,468.690000,10,17741168,REGULAR_HOURS|ODD_LOT
2021-11-15 14:30:01.983520000,215886,T,SPY,468.670000,1,19258332,REGULAR_HOURS|ODD_LOT
2021-11-15 14:30:01.983950080,215897,T,SPY,468.670000,1,19258782,REGULAR_HOURS|ODD_LOT
2021-11-15 14:30:02.728825088,234157,T,SPY,468.670000,300,19976979,INTERMARKET_SWEEP|REGULAR_HOURS
2021-11-15 14:30:02.942306048,237474,T,SPY,468.660000,10,20111638,REGULAR_HOURS|ODD_LOT
2021-11-15 14:30:02.947334912,237532,T,SPY,468.660000,90,20115632,REGULAR_HOURS|ODD_LOT
2021-11-15 14:30:03.79033088,240282,T,SPY,468.650000,300,20254012,INTERMARKET_SWEEP|REGULAR_HOURS
2021-11-15 14:30:03.288804096,243949,T,SPY,468.630000,1,20398296,REGULAR_HOURS|ODD_LOT
2021-11-15 14:30:04.25348096,254881,T,SPY,468.610000,500,20815693,INTERMARKET_SWEEP|REGULAR_HOURS
2021-11-15 14:30:06.640221952,285882,T,SPY,468.570000,141,22274745,REGULAR_HOURS
2021-11-15 14:30:10.116659968,315027,T,SPY,468.480000,300,23798285,INTERMARKET_SWEEP|REGULAR_HOURS
2021-11-15 14:30:12.566707968,332942,T,SPY,468.390000,300,24648368,INTERMARKET_SWEEP|REGULAR_HOURS
2021-11-15 14:30:16.14163968,356253,T,SPY,468.350000,63,25668372,REGULAR_HOURS|ODD_LOT
2021-11-15 14:30:16.15674112,356263,T,SPY,468.350000,100,25668948,REGULAR_HOURS
2021-11-15 14:30:16.16834048,356273,T,SPY,468.350000,100,25669215,REGULAR_HOURS
2021-11-15 14:30:16.18097920,356280,T,SPY,468.350000,37,25669405,REGULAR_HOURS|ODD_LOT
2021-11-15 14:30:18.345999104,370872,T,SPY,468.370000,300,26285372,REGULAR_HOURS
2021-11-15 14:30:19.58324992,374478,T,SPY,468.360000,100,26444769,REGULAR_HOURS
2021-11-15 14:30:20.177012992,380317,T,SPY,468.380000,300,26733905,INTERMARKET_SWEEP|REGULAR_HOURS
2021-11-15 14:30:23.507047936,399698,T,SPY,468.380000,14,27608086,REGULAR_HOURS|ODD_LOT
2021-11-15 14:30:25.200015104,408860,T,SPY,468.380000,100,28027776,INTERMARKET_SWEEP|REGULAR_HOURS
2021-11-15 14:30:25.200034048,408861,T,SPY,468.380000,300,28027783,INTERMARKET_SWEEP|REGULAR_HOURS
2021-11-15 14:30:27.785070080,423255,T,SPY,468.320000,200,28707244,REGULAR_HOURS
2021-11-15 14:30:30.499371008,437825,T,SPY,468.260000,26,29386400,INTERMARKET_SWEEP|REGULAR_HOURS|ODD_LOT
2021-11-15 14:30:30.552294912,438042,T,SPY,468.255000,100,29398547,REGULAR_HOURS
2021-11-15 14:30:31.405261056,442228,T,SPY,468.230000,100,29602030,REGULAR_HOURS
2021-11-15 14:30:31.405262080,442229,T,SPY,468.230000,100,29602048,REGULAR_HOURS
2021-11-15 14:30:31.405272064,442230,T,SPY,468.230000,74,29602076,REGULAR_HOURS|ODD_LOT
2021-11-15 14:30:31.405286912,442231,T,SPY,468.230000,600,29602095,REGULAR_HOURS
2021-11-15 14:30:31.405302016,442232,T,SPY,468.230000,100,29602122,REGULAR_HOURS
2021-11-15 14:30:31.405327104,442233,T,SPY,468.230000,100,29602174,REGULAR_HOURS
2021-11-15 14:30:31.405339904,442234,T,SPY,468.230000,100,29602207,REGULAR_HOURS
2021-11-15 14:30:31.559506944,443349,T,SPY,468.245000,100,29660712,REGULAR_HOURS
2021-11-15 14:30:31.559508992,443351,T,SPY,468.245000,100,29660721,REGULAR_HOURS
2021-11-15 14:30:31.559535104,443353,T,SPY,468.245000,100,29660730,REGULAR_HOURS
2021-11-15 14:30:31.559536128,443354,T,SPY,468.245000,100,29660736,REGULAR_HOURS
2021-11-15 14:30:35.718846976,466831,T,SPY,468.210000,3,30741461,REGULAR_HOURS|ODD_LOT
2021-11-15 14:30:38.182330112,477405,T,SPY,468.230000,100,31206096,REGULAR_HOURS
2021-11-15 14:30:38.183388928,477412,T,SPY,468.230000,100,31206226,REGULAR_HOURS
2021-11-15 14:30:38.184374016,477418,T,SPY,468.230000,100,31206333,REGULAR_HOURS
2021-11-15 14:30:41.297479936,498544,T,SPY,468.210000,300,32132288,REGULAR_HOURS
2021-11-15 14:30:45.916552960,529216,T,SPY,468.220000,24,33505244,INTERMARKET_SWEEP|REGULAR_HOURS|ODD_LOT
2021-11-15 14:30:45.923698944,529336,T,SPY,468.220000,76,33510568,INTERMARKET_SWEEP|REGULAR_HOURS|ODD_LOT
2021-11-15 14:31:00.388978944,603609,T,SPY,468.260000,21,36765748,INTERMARKET_SWEEP|REGULAR_HOURS|ODD_LOT
2021-11-15 14:31:05.16261888,642626,T,SPY,468.170000,79,38230220,REGULAR_HOURS|ODD_LOT
2021-11-15 14:31:05.16262912,642627,T,SPY,468.170000,41,38230239,REGULAR_HOURS|ODD_LOT
2021-11-15 14:31:05.229399040,645499,T,SPY,468.215000,100,38345385,REGULAR_HOURS
2021-11-15 14:31:05.232167936,645507,T,SPY,468.215000,244,38345970,REGULAR_HOURS
2021-11-15 14:31:12.436869888,700366,T,SPY,468.270000,100,40391184,REGULAR_HOURS
2021-11-15 14:31:12.440379904,700385,T,SPY,468.275000,300,40392165,REGULAR_HOURS
2021-11-15 14:31:12.470397952,700672,T,SPY,468.275000,100,40399453,REGULAR_HOURS
2021-11-15 14:31:13.4016896,705117,T,SPY,468.290000,94,40560719,INTERMARKET_SWEEP|REGULAR_HOURS|ODD_LOT
2021-11-15 14:31:13.463024896,708070,T,SPY,468.270000,10,40671645,INTERMARKET_SWEEP|REGULAR_HOURS|ODD_LOT
2021-11-15 14:31:13.463063040,708071,T,SPY,468.270000,144,40671651,INTERMARKET_SWEEP|REGULAR_HOURS
2021-11-15 14:31:16.109457920,726826,T,SPY,468.350000,500,41359201,INTERMARKET_SWEEP|REGULAR_HOURS|TRADE_THROUGH_EXEMPT
2021-11-15 14:31:22.411934976,768246,T,SPY,468.260000,300,42952936,INTERMARKET_SWEEP|REGULAR_HOURS
2021-11-15 14:31:27.700460032,796638,T,SPY,468.260000,1,44014230,REGULAR_HOURS|ODD_LOT
2021-11-15 14:31:29.541094912,807701,T,SPY,468.330000,300,44415295,REGULAR_HOURS
2021-11-15 14:31:29.704261120,808675,T,SPY,468.330000,300,44451885,INTERMARKET_SWEEP|REGULAR_HOURS
2021-11-15 14:31:34.252207104,832316,T,SPY,468.280000,2,45373882,REGULAR_HOURS|ODD_LOT
2021-11-15 14:31:39.752523008,862215,T,SPY,468.380000,300,46522034,INTERMARKET_SWEEP|REGULAR_HOURS
2021-11-15 14:31:40.320582912,865266,T,SPY,468.400000,1,46638088,REGULAR_HOURS|ODD_LOT
2021-11-15 14:31:42.292463104,877855,T,SPY,468.380000,500,47086452,INTERMARKET_SWEEP|REGULAR_HOURS
2021-11-15 14:31:44.431959040,891568,T,SPY,468.370000,265,47608274,INTERMARKET_SWEEP|REGULAR_HOURS
2021-11-15 14:31:50.613862912,932445,T,SPY,468.430000,1,49116645,REGULAR_HOURS|ODD_LOT
2021-11-15 14:31:51.207116032,936043,T,SPY,468.430000,1,49243288,REGULAR_HOURS|ODD_LOT
2021-11-15 14:31:53.863500032,952045,T,SPY,468.380000,1,49834202,REGULAR_HOURS|ODD_LOT
2021-11-15 14:31:53.902784000,952248,T,SPY,468.380000,1,49841299,REGULAR_HOURS|ODD_LOT
2021-11-15 14:31:54.576178944,957498,T,SPY,468.360000,600,50033969,INTERMARKET_SWEEP|REGULAR_HOURS
2021-11-15 14:31:55.290756096,961879,T,SPY,468.340000,200,50199612,INTERMARKET_SWEEP|REGULAR_HOURS|TRADE_THROUGH_EXEMPT
2021-11-15 14:31:55.841347072,965550,T,SPY,468.380000,100,50345860,INTERMARKET_SWEEP|REGULAR_HOURS
2021-11-15 14:31:57.326735104,973315,T,SPY,468.380000,1,50617163,REGULAR_HOURS|ODD_LOT
2021-11-15 14:31:57.821156096,975823,T,SPY,468.380000,3,50711649,REGULAR_HOURS|ODD_LOT
2021-11-15 14:31:57.828855040,975864,T,SPY,468.380000,5,50712922,REGULAR_HOURS|ODD_LOT
2021-11-15 14:32:00.176887040,988318,T,SPY,468.370000,1,51176156,REGULAR_HOURS|ODD_LOT
2021-11-15 14:32:00.179190016,988330,T,SPY,468.365000,7,51177063,REGULAR_HOURS|ODD_LOT
2021-11-15 14:32:00.183418880,988346,T,SPY,468.370000,5,51177795,REGULAR_HOURS|ODD_LOT
2021-11-15 14:32:01.646598912,1002678,T,SPY,468.325000,100,51695295,REGULAR_HOURS
2021-11-15 14:32:01.865600000,1003975,T,SPY,468.330000,1,51746178,REGULAR_HOURS|ODD_LOT
2021-11-15 14:32:04.44557056,1019015,T,SPY,468.360000,12,52338435,REGULAR_HOURS|ODD_LOT
2021-11-15 14:32:05.939930880,1031998,T,SPY,468.360000,50,52833494,REGULAR_HOURS|ODD_LOT
2021-11-15 14:32:06.944278016,1037741,T,SPY,468.380000,2,53056965,REGULAR_HOURS|ODD_LOT
2021-11-15 14:32:08.517518080,1046878,T,SPY,468.355000,100,53400068,REGULAR_HOURS
2021-11-15 14:32:10.575983104,1059232,T,SPY,468.350000,100,53864547,REGULAR_HOURS
2021-11-15 14:32:10.588442880,1059405,T,SPY,468.355000,5,53870990,REGULAR_HOURS|ODD_LOT
2021-11-15 14:32:11.750609920,1067544,T,SPY,468.365000,100,54166909,REGULAR_HOURS
2021-11-15 14:32:12.370544128,1070826,T,SPY,468.360000,125,54295182,REGULAR_HOURS
2021-11-15 14:32:14.854170880,1083290,T,SPY,468.355000,7,54771057,REGULAR_HOURS|ODD_LOT
2021-11-15 14:32:20.65585920,1110843,T,SPY,468.465000,8,55831747,REGULAR_HOURS|ODD_LOT
2021-11-15 14:32:26.314940928,1143837,T,SPY,468.455000,6,57062538,REGULAR_HOURS|ODD_LOT
2021-11-15 14:32:27.189073920,1148440,T,SPY,468.450000,300,57225566,INTERMARKET_SWEEP|REGULAR_HOURS
2021-11-15 14:32:31.326006016,1174189,T,SPY,468.425000,7,58180534,REGULAR_HOURS|ODD_LOT
2021-11-15 14:32:32.301310976,1179516,T,SPY,468.460000,6,58387606,REGULAR_HOURS|ODD_LOT
2021-11-15 14:32:32.714460928,1181899,T,SPY,468.460000,4,58464914,REGULAR_HOURS|ODD_LOT
2021-11-15 14:32:35.724391936,1201006,T,SPY,468.480000,6,59189375,INTERMARKET_SWEEP|REGULAR_HOURS|ODD_LOT
2021-11-15 14:32:35.978918912,1202188,T,SPY,468.480000,12,59239676,INTERMARKET_SWEEP|REGULAR_HOURS|ODD_LOT
2021-11-15 14:32:36.206487040,1203505,T,SPY,468.470000,500,59284745,REGULAR_HOURS
2021-11-15 14:32:36.206490112,1203510,T,SPY,468.470000,700,59284886,INTERMARKET_SWEEP|REGULAR_HOURS
2021-11-15 14:32:36.261063936,1204155,T,SPY,468.455000,6,59308057,REGULAR_HOURS|ODD_LOT
2021-11-15 14:32:36.570615040,1205950,T,SPY,468.460000,2,59367732,REGULAR_HOURS|ODD_LOT
2021-11-15 14:32:37.490516992,1211318,T,SPY,468.440000,600,59560205,INTERMARKET_SWEEP|REGULAR_HOURS|TRADE_THROUGH_EXEMPT
2021-11-15 14:32:42.549369088,1239343,T,SPY,468.440000,3,60607049,REGULAR_HOURS|ODD_LOT
2021-11-15 14:32:43.326512896,1242952,T,SPY,468.440000,34,60741676,INTERMARKET_SWEEP|REGULAR_HOURS|ODD_LOT
2021-11-15 14:32:43.564585984,1243993,T,SPY,468.425000,5,60781680,REGULAR_HOURS|ODD_LOT
2021-11-15 14:32:46.560187904,1256920,T,SPY,468.405000,1,61317149,REGULAR_HOURS|ODD_LOT
2021-11-15 14:32:46.820366080,1258078,T,SPY,468.405000,4,61360190,REGULAR_HOURS|ODD_LOT
2021-11-15 14:32:50.19194112,1272699,T,SPY,468.410000,300,61937733,INTERMARKET_SWEEP|REGULAR_HOURS
2021-11-15 14:32:50.58152960,1272967,T,SPY,468.390000,300,61946147,REGULAR_HOURS
2021-11-15 14:32:50.79755008,1273329,T,SPY,468.390000,7,61960490,REGULAR_HOURS|ODD_LOT
2021-11-15 14:32:51.502063104,1280419,T,SPY,468.420000,1,62235335,REGULAR_HOURS|ODD_LOT
2021-11-15 14:32:51.508860928,1280466,T,SPY,468.420000,2,62236707,REGULAR_HOURS|ODD_LOT
2021-11-15 14:32:51.978575872,1283201,T,SPY,468.385000,8,62340135,REGULAR_HOURS|ODD_LOT
2021-11-15 14:32:52.802991104,1286931,T,SPY,468.390000,300,62489241,REGULAR_HOURS
2021-11-15 14:32:53.107646976,1288015,T,SPY,468.370000,300,62533431,INTERMARKET_SWEEP|REGULAR_HOURS
2021-11-15 14:32:56.8197888,1300050,T,SPY,468.365000,1,62994940,REGULAR_HOURS|ODD_LOT
2021-11-15 14:32:56.265303040,1301002,T,SPY,468.365000,5,63032971,REGULAR_HOURS|ODD_LOT
2021-11-15 14:32:57.651546880,1309316,T,SPY,468.340000,13,63345621,REGULAR_HOURS|ODD_LOT
2021-11-15 14:32:57.936796928,1310864,T,SPY,468.310000,2,63403922,INTERMARKET_SWEEP|REGULAR_HOURS|ODD_LOT
2021-11-15 14:32:58.700288000,1314167,T,SPY,468.310000,1,63538011,INTERMARKET_SWEEP|REGULAR_HOURS|ODD_LOT
2021-11-15 14:33:00.898904064,1327377,T,SPY,468.305000,5,64055736,REGULAR_HOURS|ODD_LOT
2021-11-15 14:33:01.579796992,1331946,T,SPY,468.330000,300,64224151,INTERMARKET_SWEEP|REGULAR_HOURS
2021-11-15 14:33:05.418770944,1356718,T,SPY,468.325000,8,65152858,REGULAR_HOURS|ODD_LOT
2021-11-15 14:33:10.54807040,1387903,T,SPY,468.340000,6,66299695,REGULAR_HOURS|ODD_LOT
2021-11-15 14:33:13.227827968,1405045,T,SPY,468.375000,2,66918885,REGULAR_HOURS|ODD_LOT
2021-11-15 14:33:16.682550016,1421659,T,SPY,468.395000,5,67541078,REGULAR_HOURS|ODD_LOT
2021-11-15 14:33:20.910195968,1442321,T,SPY,468.445000,1,68296056,REGULAR_HOURS|ODD_LOT
2021-11-15 14:33:22.795504128,1453521,T,SPY,468.440000,200,68693417,INTERMARKET_SWEEP|REGULAR_HOURS
2021-11-15 14:33:23.881506048,1460666,T,SPY,468.435000,7,68938122,REGULAR_HOURS|ODD_LOT
2021-11-15 14:33:31.450159104,1500575,T,SPY,468.400000,3,70378841,REGULAR_HOURS|ODD_LOT
2021-11-15 14:33:32.437371904,1506669,T,SPY,468.425000,2,70584632,REGULAR_HOURS|ODD_LOT
2021-11-15 14:33:35.426807040,1521979,T,SPY,468.410000,1,71146038,REGULAR_HOURS|ODD_LOT
2021-11-15 14:33:35.940293888,1524229,T,SPY,468.395000,7,71225484,REGULAR_HOURS|ODD_LOT
2021-11-15 14:33:36.772105984,1528266,T,SPY,468.405000,25,71378385,REGULAR_HOURS|ODD_LOT
2021-11-15 14:33:41.218373120,1549678,T,SPY,468.430000,6,72193688,REGULAR_HOURS|ODD_LOT
2021-11-15 14:33:41.249003008,1549825,T,SPY,468.430000,100,72200689,REGULAR_HOURS
2021-11-15 14:33:41.534618880,1551390,T,SPY,468.450000,2,72266934,REGULAR_HOURS|ODD_LOT
2021-11-15 14:33:43.965236992,1563669,T,SPY,468.390000,29,72730930,REGULAR_HOURS|ODD_LOT
2021-11-15 14:33:46.612564992,1578085,T,SPY,468.395000,6,73238979,REGULAR_HOURS|ODD_LOT
2021-11-15 14:33:51.631805952,1605032,T,SPY,468.395000,8,74252573,REGULAR_HOURS|ODD_LOT
2021-11-15 14:33:57.441165056,1633516,T,SPY,468.445000,7,75303366,REGULAR_HOURS|ODD_LOT
2021-11-15 14:33:59.910076928,1646001,T,SPY,468.460000,100,75751431,REGULAR_HOURS
2021-11-15 14:34:02.212884992,1660058,T,SPY,468.475000,7,76256805,REGULAR_HOURS|ODD_LOT
2021-11-15 14:34:04.513326080,1673675,T,SPY,468.455000,100,76756920,REGULAR_HOURS
2021-11-15 14:34:05.451905024,1678959,T,SPY,468.475000,100,76946765,REGULAR_HOURS
2021-11-15 14:34:05.453155072,1678968,T,SPY,468.475000,100,76946951,REGULAR_HOURS
2021-11-15 14:34:06.735890944,1686071,T,SPY,468.510000,100,77204797,INTERMARKET_SWEEP|REGULAR_HOURS
2021-11-15 14:34:06.751721984,1686414,T,SPY,468.525000,5,77221196,REGULAR_HOURS|ODD_LOT
2021-11-15 14:34:06.850628096,1687802,T,SPY,468.490000,1,77273827,INTERMARKET_SWEEP|REGULAR_HOURS|ODD_LOT
2021-11-15 14:34:09.867979008,1705884,T,SPY,468.500000,300,77942589,INTERMARKET_SWEEP|REGULAR_HOURS
2021-11-15 14:34:09.964395008,1706413,T,SPY,468.500000,100,77961897,INTERMARKET_SWEEP|REGULAR_HOURS
2021-11-15 14:34:10.447522048,1710214,T,SPY,468.455000,8,78097668,REGULAR_HOURS|ODD_LOT
2021-11-15 14:34:16.523462912,1749036,T,SPY,468.475000,6,79455902,REGULAR_HOURS|ODD_LOT
2021-11-15 14:34:20.641072128,1771908,T,SPY,468.420000,1,80243127,REGULAR_HOURS|ODD_LOT
2021-11-15 14:34:21.670430976,1776327,T,SPY,468.425000,5,80396890,REGULAR_HOURS|ODD_LOT
2021-11-15 14:34:23.263304960,1783707,T,SPY,468.425000,1,80664852,REGULAR_HOURS|ODD_LOT
2021-11-15 14:34:25.964080896,1797275,T,SPY,468.450000,1,81163299,REGULAR_HOURS|ODD_LOT
2021-11-15 14:34:25.970004992,1797379,T,SPY,468.450000,9,81167131,REGULAR_HOURS|ODD_LOT
2021-11-15 14:34:26.233904896,1799247,T,SPY,468.475000,2,81231926,REGULAR_HOURS|ODD_LOT
2021-11-15 14:34:27.153736960,1804293,T,SPY,468.525000,4,81416888,REGULAR_HOURS|ODD_LOT
2021-11-15 14:34:31.411926016,1823913,T,SPY,468.500000,2,82143521,INTERMARKET_SWEEP|REGULAR_HOURS|ODD_LOT
2021-11-15 14:34:33.568232960,1836472,T,SPY,468.510000,8,82596793,REGULAR_HOURS|ODD_LOT
2021-11-15 14:34:36.333888000,1849635,T,SPY,468.515000,1,83069621,REGULAR_HOURS|ODD_LOT
2021-11-15 14:34:36.923636992,1852668,T,SPY,468.535000,7,83179418,REGULAR_HOURS|ODD_LOT
2021-11-15 14:34:39.533449984,1865910,T,SPY,468.500000,30,83671369,REGULAR_HOURS|ODD_LOT
2021-11-15 14:34:39.896591872,1867695,T,SPY,468.490000,100,83735661,REGULAR_HOURS
2021-11-15 14:34:40.5084928,1868284,T,SPY,468.500000,1,83758734,REGULAR_HOURS|ODD_LOT
2021-11-15 14:34:42.10032128,1878795,T,SPY,468.520000,29,84130169,REGULAR_HOURS|ODD_LOT
2021-11-15 14:34:45.469070080,1899015,T,SPY,468.465000,7,84884052,REGULAR_HOURS|ODD_LOT
2021-11-15 14:34:47.176541952,1906942,T,SPY,468.440000,500,85175197,INTERMARKET_SWEEP|REGULAR_HOURS|TRADE_THROUGH_EXEMPT
2021-11-15 14:34:47.346985984,1908037,T,SPY,468.460000,300,85217778,INTERMARKET_SWEEP|REGULAR_HOURS
2021-11-15 14:34:48.21278976,1911133,T,SPY,468.435000,1,85340310,REGULAR_HOURS|ODD_LOT
2021-11-15 14:34:48.740083968,1914848,T,SPY,468.430000,5,85480899,REGULAR_HOURS|ODD_LOT
2021-11-15 14:34:52.725164032,1933866,T,SPY,468.480000,33,86174767,REGULAR_HOURS|ODD_LOT
2021-11-15 14:34:54.641008896,1941701,T,SPY,468.470000,200,86467154,INTERMARKET_SWEEP|REGULAR_HOURS
2021-11-15 14:34:57.353178112,1954281,T,SPY,468.465000,9,86931320,REGULAR_HOURS|ODD_LOT
2021-11-15 14:34:59.454329088,1965162,T,SPY,468.460000,100,87319557,INTERMARKET_SWEEP|REGULAR_HOURS
2021-11-15 14:34:59.458662912,1965217,T,SPY,468.440000,500,87322267,INTERMARKET_SWEEP|REGULAR_HOURS|TRADE_THROUGH_EXEMPT
2021-11-15 14:34:59.458672896,1965218,T,SPY,468.440000,500,87322284,INTERMARKET_SWEEP|REGULAR_HOURS|TRADE_THROUGH_EXEMPT
2021-11-15 14:35:02.473404928,1992362,T,SPY,468.435000,1,88302632,REGULAR_HOURS|ODD_LOT
2021-11-15 14:35:04.89895936,2006466,T,SPY,468.395000,1,88811399,REGULAR_HOURS|ODD_LOT
2021-11-15 14:35:05.21347072,2012492,T,SPY,468.380000,18,89032369,INTERMARKET_SWEEP|REGULAR_HOURS|ODD_LOT
2021-11-15 14:35:05.69063936,2012985,T,SPY,468.365000,2,89049838,REGULAR_HOURS|ODD_LOT
2021-11-15 14:35:05.70382080,2012990,T,SPY,468.370000,51,89050031,REGULAR_HOURS|ODD_LOT
2021-11-15 14:35:09.859759104,2048960,T,SPY,468.450000,1,90237449,INTERMARKET_SWEEP|REGULAR_HOURS|ODD_LOT
2021-11-15 14:35:11.197206016,2057419,T,SPY,468.415000,7,90521832,REGULAR_HOURS|ODD_LOT
2021-11-15 14:35:11.921586944,2061763,T,SPY,468.430000,1,90677172,INTERMARKET_SWEEP|REGULAR_HOURS|ODD_LOT
2021-11-15 14:35:18.333448960,2101945,T,SPY,468.475000,8,92112726,REGULAR_HOURS|ODD_LOT
2021-11-15 14:35:20.201656064,2113578,T,SPY,468.500000,400,92532603,INTERMARKET_SWEEP|REGULAR_HOURS
2021-11-15 14:35:26.535685120,2149481,T,SPY,468.495000,7,93842369,REGULAR_HOURS|ODD_LOT
2021-11-15 14:35:32.284777984,2183190,T,SPY,468.485000,1,95114140,REGULAR_HOURS|ODD_LOT
2021-11-15 14:35:32.797932032,2185381,T,SPY,468.480000,218,95196924,REGULAR_HOURS
2021-11-15 14:35:33.752997120,2189630,T,SPY,468.480000,100,95350404,REGULAR_HOURS
2021-11-15 14:35:36.717291008,2207950,T,SPY,468.505000,8,95991271,REGULAR_HOURS|ODD_LOT
2021-11-15 14:35:40.434118912,2228940,T,SPY,468.500000,300,96733855,REGULAR_HOURS
2021-11-15 14:35:41.113050112,2233615,T,SPY,468.490000,1,96898359,REGULAR_HOURS|ODD_LOT
2021-11-15 14:35:44.402930944,2250052,T,SPY,468.480000,100,97469283,INTERMARKET_SWEEP|REGULAR_HOURS
2021-11-15 14:35:47.291441920,2264262,T,SPY,468.465000,7,98008204,REGULAR_HOURS|ODD_LOT
2021-11-15 14:35:50.457062912,2286230,T,SPY,468.500000,300,98792592,REGULAR_HOURS
2021-11-15 14:35:50.949556992,2288971,T,SPY,468.485000,1,98903024,REGULAR_HOURS|ODD_LOT
2021-11-15 14:35:50.974262016,2289134,T,SPY,468.485000,1,98908525,REGULAR_HOURS|ODD_LOT
2021-11-15 14:35:50.996240896,2289276,T,SPY,468.485000,11,98912893,REGULAR_HOURS|ODD_LOT
2021-11-15 14:35:51.447762944,2291499,T,SPY,468.475000,3,99011589,REGULAR_HOURS|ODD_LOT
2021-11-15 14:35:51.467395072,2291564,T,SPY,468.475000,3,99014180,REGULAR_HOURS|ODD_LOT
2021-11-15 14:35:58.272990976,2327774,T,SPY,468.495000,87,100330154,REGULAR_HOURS|ODD_LOT
2021-11-15 14:36:03.677216000,2365515,T,SPY,468.500000,1,101674401,INTERMARKET_SWEEP|REGULAR_HOURS|ODD_LOT
2021-11-15 14:36:03.795109888,2366421,T,SPY,468.510000,5,101707990,REGULAR_HOURS|ODD_LOT
2021-11-15 14:36:07.999792128,2389573,T,SPY,468.490000,47,102573809,REGULAR_HOURS|ODD_LOT
2021-11-15 14:36:08.813968896,2394390,T,SPY,468.470000,100,102765015,REGULAR_HOURS
2021-11-15 14:36:09.981846016,2404368,T,SPY,468.470000,100,103155386,INTERMARKET_SWEEP|REGULAR_HOURS
2021-11-15 14:36:10.867481088,2410774,T,SPY,468.490000,3,103375917,REGULAR_HOURS|ODD_LOT
2021-11-15 14:36:17.68281088,2452700,T,SPY,468.435000,4,104878992,REGULAR_HOURS|ODD_LOT
2021-11-15 14:36:17.71628032,2452717,T,SPY,468.430000,196,104879792,REGULAR_HOURS
2021-11-15 14:36:17.323190016,2454440,T,SPY,468.430000,200,104940715,REGULAR_HOURS
2021-11-15 14:36:17.643235072,2455992,T,SPY,468.430000,200,105000206,REGULAR_HOURS
2021-11-15 14:36:18.224686080,2458779,T,SPY,468.435000,125,105116648,REGULAR_HOURS
2021-11-15 14:36:18.251301888,2458939,T,SPY,468.435000,1,105123405,REGULAR_HOURS|ODD_LOT
2021-11-15 14:36:18.530509056,2460429,T,SPY,468.445000,1,105185598,REGULAR_HOURS|ODD_LOT
2021-11-15 14:36:18.552167936,2460508,T,SPY,468.445000,2,105188957,REGULAR_HOURS|ODD_LOT
2021-11-15 14:36:19.957136896,2467195,T,SPY,468.455000,100,105430151,REGULAR_HOURS
2021-11-15 14:36:20.202086912,2468554,T,SPY,468.455000,2,105479647,REGULAR_HOURS|ODD_LOT
2021-11-15 14:36:21.205168896,2473367,T,SPY,468.455000,3,105658507,REGULAR_HOURS|ODD_LOT
2021-11-15 14:36:21.984804096,2476567,T,SPY,468.455000,4,105780342,REGULAR_HOURS|ODD_LOT
2021-11-15 14:36:22.974983936,2480846,T,SPY,468.455000,100,105939480,REGULAR_HOURS
2021-11-15 14:36:26.851156992,2498914,T,SPY,468.465000,2,106584075,REGULAR_HOURS|ODD_LOT
2021-11-15 14:36:41.901694976,2576242,T,SPY,468.470000,3,109343991,REGULAR_HOURS|ODD_LOT
2021-11-15 14:36:45.779190016,2593566,T,SPY,468.400000,1,109986034,REGULAR_HOURS|ODD_LOT
2021-11-15 14:36:55.365637888,2644708,T,SPY,468.440000,100,111777657,REGULAR_HOURS
2021-11-15 14:36:56.701030912,2650606,T,SPY,468.445000,1,111975669,REGULAR_HOURS|ODD_LOT
2021-11-15 14:37:05.642838016,2696762,T,SPY,468.490000,100,113620468,INTERMARKET_SWEEP|REGULAR_HOURS
2021-11-15 14:37:05.905255936,2697914,T,SPY,468.495000,100,113659883,REGULAR_HOURS
2021-11-15 14:37:05.905257984,2697916,T,SPY,468.495000,106,113659895,REGULAR_HOURS
2021-11-15 14:37:06.823118080,2701912,T,SPY,468.510000,2,113801178,INTERMARKET_SWEEP|REGULAR_HOURS|ODD_LOT|TRADE_THROUGH_EXEMPT
2021-11-15 14:37:06.823162112,2701913,T,SPY,468.510000,100,113801231,INTERMARKET_SWEEP|REGULAR_HOURS|TRADE_THROUGH_EXEMPT
2021-11-15 14:37:09.335677952,2716192,T,SPY,468.540000,100,114275767,INTERMARKET_SWEEP|REGULAR_HOURS
2021-11-15 14:37:09.372911104,2716360,T,SPY,468.540000,10,114280246,REGULAR_HOURS|ODD_LOT
2021-11-15 14:37:11.618990080,2727709,T,SPY,468.530000,50,114656057,REGULAR_HOURS|ODD_LOT
2021-11-15 14:37:12.94948096,2729677,T,SPY,468.530000,100,114721884,REGULAR_HOURS
2021-11-15 14:37:24.283158016,2797046,T,SPY,468.540000,1,117023630,INTERMARKET_SWEEP|REGULAR_HOURS|ODD_LOT|TRADE_THROUGH_EXEMPT
2021-11-15 14:37:26.143154944,2809037,T,SPY,468.490000,600,117428481,REGULAR_HOURS
2021-11-15 14:37:46.674797056,2909927,T,SPY,468.530000,82,120966137,INTERMARKET_SWEEP|REGULAR_HOURS|ODD_LOT
2021-11-15 14:37:46.679586048,2909966,T,SPY,468.530000,59,120967856,INTERMARKET_SWEEP|REGULAR_HOURS|ODD_LOT
2021-11-15 14:37:47.858168064,2915262,T,SPY,468.505000,300,121155041,REGULAR_HOURS
2021-11-15 14:37:49.268034048,2922527,T,SPY,468.480000,100,121406042,REGULAR_HOURS
2021-11-15 14:37:50.256559104,2926805,T,SPY,468.465000,100,121548584,REGULAR_HOURS
2021-11-15 14:38:13.96506112,3040256,T,SPY,468.580000,1,125461757,REGULAR_HOURS|ODD_LOT
2021-11-15 14:38:16.69083904,3056083,T,SPY,468.575000,300,126009673,REGULAR_HOURS
2021-11-15 14:38:18.274117120,3067724,T,SPY,468.560000,1,126431518,INTERMARKET_SWEEP|REGULAR_HOURS|ODD_LOT
2021-11-15 14:38:21.924342016,3086857,T,SPY,468.590000,3,127073807,REGULAR_HOURS|ODD_LOT
2021-11-15 14:38:22.217573888,3088515,T,SPY,468.590000,997,127126649,INTERMARKET_SWEEP|REGULAR_HOURS
2021-11-15 14:38:28.116062976,3115495,T,SPY,468.670000,200,128041419,INTERMARKET_SWEEP|REGULAR_HOURS
2021-11-15 14:38:38.131009024,3165406,T,SPY,468.680000,1,129698582,REGULAR_HOURS|ODD_LOT
2021-11-15 14:38:44.610864128,3195304,T,SPY,468.700000,10,130720400,REGULAR_HOURS|ODD_LOT
2021-11-15 14:38:52.195409920,3228205,T,SPY,468.710000,200,131827506,INTERMARKET_SWEEP|REGULAR_HOURS
2021-11-15 14:38:52.195516928,3228206,T,SPY,468.710000,200,131827514,INTERMARKET_SWEEP|REGULAR_HOURS
2021-11-15 14:38:53.247738880,3234692,T,SPY,468.700000,198,132032655,REGULAR_HOURS
2021-11-15 14:38:55.651227904,3244680,T,SPY,468.670000,200,132379465,REGULAR_HOURS
2021-11-15 14:38:55.651257088,3244683,T,SPY,468.670000,100,132379503,REGULAR_HOURS
2021-11-15 14:38:56.661940992,3253236,T,SPY,468.650000,100,132644477,REGULAR_HOURS
2021-11-15 14:38:57.821708032,3258457,T,SPY,468.670000,200,132827995,INTERMARKET_SWEEP|REGULAR_HOURS|TRADE_THROUGH_EXEMPT
2021-11-15 14:38:57.821721088,3258458,T,SPY,468.670000,266,132828004,INTERMARKET_SWEEP|REGULAR_HOURS|TRADE_THROUGH_EXEMPT
2021-11-15 14:39:04.205772032,3290944,T,SPY,468.600000,2,133910486,REGULAR_HOURS|ODD_LOT
2021-11-15 14:39:04.486423040,3292327,T,SPY,468.610000,19,133958921,INTERMARKET_SWEEP|REGULAR_HOURS|ODD_LOT
2021-11-15 14:39:05.337949952,3297215,T,SPY,468.610000,5,134123890,REGULAR_HOURS|ODD_LOT
2021-11-15 14:39:06.500613888,3303585,T,SPY,468.610000,100,134330078,REGULAR_HOURS
2021-11-15 14:39:11.677263104,3331540,T,SPY,468.640000,21,135251072,REGULAR_HOURS|ODD_LOT
2021-11-15 14:39:12.37073920,3333241,T,SPY,468.650000,200,135306192,INTERMARKET_SWEEP|REGULAR_HOURS
2021-11-15 14:39:13.767853056,3340173,T,SPY,468.650000,3,135518249,REGULAR_HOURS|ODD_LOT
2021-11-15 14:39:15.147851008,3347109,T,SPY,468.650000,1,135738990,REGULAR_HOURS|ODD_LOT
2021-11-15 14:39:15.147888128,3347110,T,SPY,468.650000,99,135738995,REGULAR_HOURS|ODD_LOT
2021-11-15 14:39:18.305257984,3363052,T,SPY,468.670000,112,136250744,REGULAR_HOURS
2021-11-15 14:39:24.970529024,3394931,T,SPY,468.650000,1,137309463,REGULAR_HOURS|ODD_LOT
2021-11-15 14:39:27.599617024,3407185,T,SPY,468.670000,100,137723717,REGULAR_HOURS
2021-11-15 14:39:32.426565120,3428070,T,SPY,468.660000,23,138423149,REGULAR_HOURS|ODD_LOT
2021-11-15 14:39:36.927467008,3446907,T,SPY,468.640000,300,139031575,INTERMARKET_SWEEP|REGULAR_HOURS
2021-11-15 14:39:37.24702976,3447239,T,SPY,468.640000,300,139044534,INTERMARKET_SWEEP|REGULAR_HOURS
2021-11-15 14:39:40.866359040,3462076,T,SPY,468.640000,200,139508214,REGULAR_HOURS
2021-11-15 14:39:40.868011008,3462090,T,SPY,468.640000,2,139508553,REGULAR_HOURS|ODD_LOT
2021-11-15 14:39:40.868367872,3462095,T,SPY,468.640000,100,139508651,REGULAR_HOURS
2021-11-15 14:39:40.871868928,3462113,T,SPY,468.640000,100,139509271,REGULAR_HOURS
2021-11-15 14:39:45.184658944,3480602,T,SPY,468.620000,100,140108755,INTERMARKET_SWEEP|REGULAR_HOURS
2021-11-15 14:39:46.88360960,3484786,T,SPY,468.620000,100,140235275,INTERMARKET_SWEEP|REGULAR_HOURS
2021-11-15 14:39:49.790105088,3501741,T,SPY,468.610000,18,140774841,REGULAR_HOURS|ODD_LOT
2021-11-15 14:39:51.880050944,3510569,T,SPY,468.600000,1,141051383,REGULAR_HOURS|ODD_LOT
2021-11-15 14:39:53.701412096,3519930,T,SPY,468.600000,13,141338795,REGULAR_HOURS|ODD_LOT
2021-11-15 14:39:54.973061120,3527436,T,SPY,468.640000,200,141569296,INTERMARKET_SWEEP|REGULAR_HOURS
2021-11-15 14:39:54.973167104,3527437,T,SPY,468.640000,100,141569305,INTERMARKET_SWEEP|REGULAR_HOURS
2021-11-15 14:39:55.517153024,3530904,T,SPY,468.590000,200,141684023,INTERMARKET_SWEEP|REGULAR_HOURS
2021-11-15 14:39:58.426999040,3545002,T,SPY,468.610000,144,142129156,REGULAR_HOURS
2021-11-15 14:40:00.718596096,3561841,T,SPY,468.650000,100,142625050,REGULAR_HOURS
2021-11-15 14:40:02.253640960,3573006,T,SPY,468.670000,200,142965716,INTERMARKET_SWEEP|REGULAR_HOURS
2021-11-15 14:40:02.253769984,3573007,T,SPY,468.670000,200,142965722,INTERMARKET_SWEEP|REGULAR_HOURS
2021-11-15 14:40:02.338234112,3573465,T,SPY,468.660000,1,142980135,REGULAR_HOURS|ODD_LOT
2021-11-15 14:40:05.485734912,3593957,T,SPY,468.680000,300,143630910,REGULAR_HOURS
2021-11-15 14:40:07.318932992,3607147,T,SPY,468.675000,2,144050852,REGULAR_HOURS|ODD_LOT
2021-11-15 14:40:12.145099008,3630590,T,SPY,468.670000,10,144795645,REGULAR_HOURS|ODD_LOT
2021-11-15 14:40:17.511014912,3654781,T,SPY,468.650000,1,145609314,REGULAR_HOURS|ODD_LOT
2021-11-15 14:40:21.291040000,3673439,T,SPY,468.645000,3,146208364,REGULAR_HOURS|ODD_LOT
2021-11-15 14:40:25.622688000,3698788,T,SPY,468.650000,1,146995499,REGULAR_HOURS|ODD_LOT
2021-11-15 14:40:25.622704128,3698789,T,SPY,468.650000,100,146995514,REGULAR_HOURS
2021-11-15 14:40:25.930119936,3700381,T,SPY,468.660000,42,147044966,REGULAR_HOURS|ODD_LOT
2021-11-15 14:40:26.961107968,3705893,T,SPY,468.645000,5,147218444,REGULAR_HOURS|ODD_LOT
2021-11-15 14:40:29.105255936,3716106,T,SPY,468.615000,100,147561617,REGULAR_HOURS
2021-11-15 14:40:30.342020096,3722935,T,SPY,468.580000,98,147783758,REGULAR_HOURS|ODD_LOT
2021-11-15 14:40:31.212342016,3730530,T,SPY,468.510000,200,148048026,INTERMARKET_SWEEP|REGULAR_HOURS
2021-11-15 14:40:31.212443904,3730531,T,SPY,468.510000,300,148048035,INTERMARKET_SWEEP|REGULAR_HOURS
2021-11-15 14:40:32.857891072,3741765,T,SPY,468.480000,1,148432831,REGULAR_HOURS|ODD_LOT
2021-11-15 14:40:32.963249920,3742601,T,SPY,468.475000,100,148457768,REGULAR_HOURS
2021-11-15 14:40:34.145026048,3749439,T,SPY,468.470000,200,148694276,INTERMARKET_SWEEP|REGULAR_HOURS
2021-11-15 14:40:34.145039104,3749440,T,SPY,468.470000,2,148694285,INTERMARKET_SWEEP|REGULAR_HOURS|ODD_LOT
2021-11-15 14:40:34.145053952,3749441,T,SPY,468.470000,1,148694291,INTERMARKET_SWEEP|REGULAR_HOURS|ODD_LOT
2021-11-15 14:40:34.145063936,3749442,T,SPY,468.470000,300,148694298,INTERMARKET_SWEEP|REGULAR_HOURS
2021-11-15 14:40:34.145118976,3749444,T,SPY,468.470000,500,148694311,INTERMARKET_SWEEP|REGULAR_HOURS
2021-11-15 14:40:37.802722048,3769122,T,SPY,468.465000,5,149317875,REGULAR_HOURS|ODD_LOT
2021-11-15 14:40:37.804342016,3769146,T,SPY,468.460000,1,149318721,INTERMARKET_SWEEP|REGULAR_HOURS|ODD_LOT
2021-11-15 14:40:37.804348928,3769157,T,SPY,468.460000,102,149319161,INTERMARKET_SWEEP|REGULAR_HOURS
2021-11-15 14:40:44.160608000,3806153,T,SPY,468.405000,100,150482974,REGULAR_HOURS
2021-11-15 14:40:44.239759104,3806740,T,SPY,468.390000,300,150501695,INTERMARKET_SWEEP|REGULAR_HOURS
2021-11-15 14:40:44.240421888,3806743,T,SPY,468.390000,150,150501761,INTERMARKET_SWEEP|REGULAR_HOURS
2021-11-15 14:40:44.384952064,3807554,T,SPY,468.410000,200,150528520,REGULAR_HOURS
2021-11-15 14:40:44.384967936,3807555,T,SPY,468.410000,93,150528527,REGULAR_HOURS|ODD_LOT
2021-11-15 14:40:49.747130112,3833889,T,SPY,468.400000,93,151382212,REGULAR_HOURS|ODD_LOT
2021-11-15 14:40:53.347383040,3849872,T,SPY,468.370000,100,151929940,REGULAR_HOURS
2021-11-15 14:40:54.142799872,3857458,T,SPY,468.300000,89,152179889,REGULAR_HOURS|ODD_LOT
2021-11-15 14:40:54.348951040,3859380,T,SPY,468.305000,204,152245349,REGULAR_HOURS
2021-11-15 14:40:54.358301952,3859417,T,SPY,468.305000,296,152247229,REGULAR_HOURS
2021-11-15 14:40:54.721987072,3861826,T,SPY,468.290000,100,152325044,INTERMARKET_SWEEP|REGULAR_HOURS
2021-11-15 14:40:55.217799936,3865578,T,SPY,468.255000,200,152452936,REGULAR_HOURS
2021-11-15 14:40:55.217850880,3865579,T,SPY,468.255000,400,152452948,REGULAR_HOURS
2021-11-15 14:40:55.536417024,3867493,T,SPY,468.270000,100,152518285,INTERMARKET_SWEEP|REGULAR_HOURS
2021-11-15 14:40:56.250516992,3871762,T,SPY,468.250000,100,152657840,REGULAR_HOURS
2021-11-15 14:40:57.421942016,3878773,T,SPY,468.300000,100,152881209,INTERMARKET_SWEEP|REGULAR_HOURS
2021-11-15 14:40:57.830483968,3880814,T,SPY,468.300000,100,152954783,INTERMARKET_SWEEP|REGULAR_HOURS
2021-11-15 14:40:58.328271872,3883307,T,SPY,468.290000,55,153037023,INTERMARKET_SWEEP|REGULAR_HOURS|ODD_LOT
2021-11-15 14:40:59.681616896,3893861,T,SPY,468.280000,1,153340703,REGULAR_HOURS|ODD_LOT
2021-11-15 14:41:00.182255104,3900741,T,SPY,468.245000,400,153535631,REGULAR_HOURS
2021-11-15 14:41:00.186522880,3900790,T,SPY,468.245000,700,153536857,REGULAR_HOURS
2021-11-15 14:41:00.197241088,3900891,T,SPY,468.240000,1,153540509,INTERMARKET_SWEEP|REGULAR_HOURS|ODD_LOT
2021-11-15 14:41:00.428592896,3905193,T,SPY,468.220000,30,153672743,REGULAR_HOURS|ODD_LOT
2021-11-15 14:41:01.590489088,3915965,T,SPY,468.290000,1,154004833,INTERMARKET_SWEEP|REGULAR_HOURS|ODD_LOT
2021-11-15 14:41:01.590501888,3915966,T,SPY,468.290000,99,154004839,INTERMARKET_SWEEP|REGULAR_HOURS|ODD_LOT
2021-11-15 14:41:02.99169024,3920305,T,SPY,468.300000,1,154150738,REGULAR_HOURS|ODD_LOT
2021-11-15 14:41:03.554694912,3929447,T,SPY,468.310000,170,154439126,REGULAR_HOURS
2021-11-15 14:41:05.12653056,3941699,T,SPY,468.290000,24,154821823,REGULAR_HOURS|ODD_LOT
2021-11-15 14:41:12.844502016,3987590,T,SPY,468.240000,15,156307063,REGULAR_HOURS|ODD_LOT
2021-11-15 14:41:13.774082048,3992030,T,SPY,468.250000,100,156453269,INTERMARKET_SWEEP|REGULAR_HOURS
2021-11-15 14:41:18.858779904,4016519,T,SPY,468.220000,100,157228507,REGULAR_HOURS
2021-11-15 14:41:20.406161920,4026357,T,SPY,468.200000,200,157522914,INTERMARKET_SWEEP|REGULAR_HOURS
2021-11-15 14:41:20.406162944,4026359,T,SPY,468.200000,200,157522968,INTERMARKET_SWEEP|REGULAR_HOURS
2021-11-15 14:41:24.175170048,4048314,T,SPY,468.145000,1,158240021,REGULAR_HOURS|ODD_LOT
2021-11-15 14:41:26.166597120,4058998,T,SPY,468.195000,3,158596176,REGULAR_HOURS|ODD_LOT
2021-11-15 14:41:27.365234944,4064389,T,SPY,468.190000,200,158768653,REGULAR_HOURS
2021-11-15 14:41:28.59299072,4067860,T,SPY,468.160000,1,158873441,INTERMARKET_SWEEP|REGULAR_HOURS|ODD_LOT
2021-11-15 14:41:29.548192000,4074287,T,SPY,468.160000,2,159080492,REGULAR_HOURS|ODD_LOT
2021-11-15 14:41:32.264441088,4089091,T,SPY,468.195000,2,159557487,REGULAR_HOURS|ODD_LOT
2021-11-15 14:41:32.894779904,4092358,T,SPY,468.200000,1,159658802,REGULAR_HOURS|ODD_LOT
2021-11-15 14:41:34.411032064,4101978,T,SPY,468.165000,3,159944803,REGULAR_HOURS|ODD_LOT
2021-11-15 14:41:39.554077952,4137220,T,SPY,468.210000,2,161032872,REGULAR_HOURS|ODD_LOT
2021-11-15 14:41:40.806718976,4149450,T,SPY,468.200000,2,161396507,REGULAR_HOURS|ODD_LOT
2021-11-15 14:41:40.902721024,4150200,T,SPY,468.195000,100,161417610,REGULAR_HOURS
2021-11-15 14:41:40.910437120,4150236,T,SPY,468.195000,157,161418701,REGULAR_HOURS
2021-11-15 14:41:41.334667008,4153073,T,SPY,468.210000,10,161500863,INTERMARKET_SWEEP|REGULAR_HOURS|ODD_LOT
2021-11-15 14:41:41.401837056,4153476,T,SPY,468.210000,90,161514534,REGULAR_HOURS|ODD_LOT
2021-11-15 14:41:41.418577920,4154139,T,SPY,468.220000,200,161537410,INTERMARKET_SWEEP|REGULAR_HOURS
2021-11-15 14:41:43.664796928,4171497,T,SPY,468.230000,62,162052395,REGULAR_HOURS|ODD_LOT
2021-11-15 14:41:45.87742976,4179396,T,SPY,468.210000,55,162303058,REGULAR_HOURS|ODD_LOT
2021-11-15 14:41:45.320275968,4180537,T,SPY,468.205000,101,162338043,REGULAR_HOURS
2021-11-15 14:41:45.757880064,4183760,T,SPY,468.190000,200,162450732,INTERMARKET_SWEEP|REGULAR_HOURS
2021-11-15 14:41:45.757893120,4183761,T,SPY,468.190000,2,162450738,INTERMARKET_SWEEP|REGULAR_HOURS|ODD_LOT
2021-11-15 14:41:45.768602880,4183850,T,SPY,468.200000,200,162454410,INTERMARKET_SWEEP|REGULAR_HOURS
2021-11-15 14:41:49.744609024,4203158,T,SPY,468.200000,1,163079203,REGULAR_HOURS|ODD_LOT
2021-11-15 14:41:49.744692992,4203173,T,SPY,468.190000,200,163079618,INTERMARKET_SWEEP|REGULAR_HOURS
2021-11-15 14:41:53.178734080,4222749,T,SPY,468.235000,1,163714230,REGULAR_HOURS|ODD_LOT
2021-11-15 14:41:57.874996992,4245586,T,SPY,468.220000,2,164449432,REGULAR_HOURS|ODD_LOT
2021-11-15 14:41:58.173377024,4247046,T,SPY,468.240000,200,164494720,INTERMARKET_SWEEP|REGULAR_HOURS
2021-11-15 14:41:58.173402880,4247048,T,SPY,468.240000,200,164494751,INTERMARKET_SWEEP|REGULAR_HOURS
2021-11-15 14:42:04.158898944,4283670,T,SPY,468.295000,7,165637433,REGULAR_HOURS|ODD_LOT
2021-11-15 14:42:07.160145920,4301068,T,SPY,468.325000,7,166188373,REGULAR_HOURS|ODD_LOT
2021-11-15 14:42:13.134384128,4330347,T,SPY,468.330000,100,167117401,REGULAR_HOURS
2021-11-15 14:42:13.494693888,4332681,T,SPY,468.310000,200,167197531,INTERMARKET_SWEEP|REGULAR_HOURS
2021-11-15 14:42:13.500527104,4332705,T,SPY,468.310000,1,167198624,INTERMARKET_SWEEP|REGULAR_HOURS|ODD_LOT
2021-11-15 14:42:13.500577024,4332706,T,SPY,468.310000,99,167198631,INTERMARKET_SWEEP|REGULAR_HOURS|ODD_LOT
2021-11-15 14:42:14.165240064,4336203,T,SPY,468.320000,4,167313054,REGULAR_HOURS|ODD_LOT
2021-11-15 14:42:16.975354880,4347440,T,SPY,468.340000,1,167678333,INTERMARKET_SWEEP|REGULAR_HOURS|ODD_LOT
2021-11-15 14:42:17.523027968,4349808,T,SPY,468.330000,100,167751075,INTERMARKET_SWEEP|REGULAR_HOURS
2021-11-15 14:42:20.228615936,4366927,T,SPY,468.350000,87,168268921,INTERMARKET_SWEEP|REGULAR_HOURS|ODD_LOT
2021-11-15 14:42:20.228825088,4366941,T,SPY,468.350000,13,168269169,INTERMARKET_SWEEP|REGULAR_HOURS|ODD_LOT
2021-11-15 14:42:28.356577024,4409921,T,SPY,468.280000,300,169650415,REGULAR_HOURS
2021-11-15 14:42:47.500470016,4509801,T,SPY,468.210000,100,172822392,INTERMARKET_SWEEP|REGULAR_HOURS
2021-11-15 14:42:48.865050880,4516257,T,SPY,468.210000,7,173028264,REGULAR_HOURS|ODD_LOT
2021-11-15 14:42:48.865249024,4516260,T,SPY,468.210000,7,173028278,REGULAR_HOURS|ODD_LOT
2021-11-15 14:42:49.14784000,4516868,T,SPY,468.210000,336,173048987,REGULAR_HOURS
2021-11-15 14:42:49.270370048,4518114,T,SPY,468.200000,200,173088504,INTERMARKET_SWEEP|REGULAR_HOURS
2021-11-15 14:43:01.49801984,4576641,T,SPY,468.330000,1,174969758,INTERMARKET_SWEEP|REGULAR_HOURS|ODD_LOT
2021-11-15 14:43:02.468144128,4584587,T,SPY,468.330000,65,175203462,REGULAR_HOURS|ODD_LOT
2021-11-15 14:43:18.125563904,4668434,T,SPY,468.300000,1,177792879,REGULAR_HOURS|ODD_LOT
2021-11-15 14:43:43.463109120,4784908,T,SPY,468.250000,100,181357775,INTERMARKET_SWEEP|REGULAR_HOURS
2021-11-15 14:43:48.981376000,4810940,T,SPY,468.310000,170,182160615,REGULAR_HOURS
2021-11-15 14:43:50.701987072,4817731,T,SPY,468.280000,1,182382710,REGULAR_HOURS|ODD_LOT
2021-11-15 14:43:54.884253952,4836336,T,SPY,468.230000,1,182972771,REGULAR_HOURS|ODD_LOT
2021-11-15 14:43:56.861661952,4846265,T,SPY,468.220000,200,183274385,INTERMARKET_SWEEP|REGULAR_HOURS
2021-11-15 14:43:56.861676032,4846266,T,SPY,468.220000,88,183274390,INTERMARKET_SWEEP|REGULAR_HOURS|ODD_LOT
2021-11-15 14:44:00.554555904,4866310,T,SPY,468.250000,1,183888984,INTERMARKET_SWEEP|REGULAR_HOURS|ODD_LOT
2021-11-15 14:44:01.609381888,4871135,T,SPY,468.250000,100,184040126,INTERMARKET_SWEEP|REGULAR_HOURS
2021-11-15 14:44:04.7864064,4883031,T,SPY,468.260000,185,184416535,REGULAR_HOURS
2021-11-15 14:44:23.630774016,4979490,T,SPY,468.175000,40,187438535,REGULAR_HOURS|ODD_LOT
2021-11-15 14:44:25.402416128,4987769,T,SPY,468.165000,40,187695980,REGULAR_HOURS|ODD_LOT
2021-11-15 14:44:26.637210112,4993322,T,SPY,468.130000,10,187879095,REGULAR_HOURS|ODD_LOT
2021-11-15 14:44:26.666604032,4993786,T,SPY,468.115000,20,187893187,REGULAR_HOURS|ODD_LOT
2021-11-15 14:44:27.841359872,4999947,T,SPY,468.150000,100,188104602,INTERMARKET_SWEEP|REGULAR_HOURS
2021-11-15 14:44:29.851134976,5007868,T,SPY,468.160000,1,188339893,INTERMARKET_SWEEP|REGULAR_HOURS|ODD_LOT
2021-11-15 14:44:29.851152896,5007869,T,SPY,468.160000,99,188339898,INTERMARKET_SWEEP|REGULAR_HOURS|ODD_LOT
2021-11-15 14:44:32.56715008,5017598,T,SPY,468.145000,100,188645993,REGULAR_HOURS
2021-11-15 14:44:34.95745024,5029225,T,SPY,468.190000,100,188995016,INTERMARKET_SWEEP|REGULAR_HOURS
2021-11-15 14:44:34.197551104,5030230,T,SPY,468.190000,1,189023418,REGULAR_HOURS|ODD_LOT
2021-11-15 14:44:34.231734016,5030469,T,SPY,468.190000,99,189031089,INTERMARKET_SWEEP|REGULAR_HOURS|ODD_LOT
2021-11-15 14:44:34.958714880,5036884,T,SPY,468.200000,2,189201412,INTERMARKET_SWEEP|REGULAR_HOURS|ODD_LOT
2021-11-15 14:44:34.958916096,5036885,T,SPY,468.200000,35,189201418,INTERMARKET_SWEEP|REGULAR_HOURS|ODD_LOT
2021-11-15 14:44:39.4918016,5059907,T,SPY,468.180000,1,189879485,REGULAR_HOURS|ODD_LOT
2021-11-15 14:44:39.4930048,5059908,T,SPY,468.180000,1,189879496,REGULAR_HOURS|ODD_LOT
2021-11-15 14:44:42.680830976,5076902,T,SPY,468.180000,300,190424329,INTERMARKET_SWEEP|REGULAR_HOURS
2021-11-15 14:44:42.680839936,5076903,T,SPY,468.180000,200,190424337,INTERMARKET_SWEEP|REGULAR_HOURS
2021-11-15 14:44:42.680854016,5076904,T,SPY,468.180000,100,190424352,INTERMARKET_SWEEP|REGULAR_HOURS
2021-11-15 14:44:43.107005952,5078853,T,SPY,468.170000,9,190490850,REGULAR_HOURS|ODD_LOT
2021-11-15 14:44:43.107059968,5078854,T,SPY,468.170000,300,190490859,REGULAR_HOURS
2021-11-15 14:44:43.107060992,5078855,T,SPY,468.170000,91,190490871,REGULAR_HOURS|ODD_LOT
2021-11-15 14:44:45.993690880,5092244,T,SPY,468.150000,100,190922291,REGULAR_HOURS
2021-11-15 14:44:47.525920000,5100925,T,SPY,468.140000,18,191173020,REGULAR_HOURS|ODD_LOT
2021-11-15 14:44:48.257113088,5104403,T,SPY,468.140000,82,191266671,REGULAR_HOURS|ODD_LOT
2021-11-15 14:44:53.94799104,5127139,T,SPY,468.120000,1,191966662,REGULAR_HOURS|ODD_LOT
2021-11-15 14:44:54.255095040,5133732,T,SPY,468.090000,100,192177642,INTERMARKET_SWEEP|REGULAR_HOURS
2021-11-15 14:44:54.695620096,5135942,T,SPY,468.100000,100,192242575,INTERMARKET_SWEEP|REGULAR_HOURS
2021-11-15 14:44:56.242124032,5143191,T,SPY,468.130000,100,192464699,INTERMARKET_SWEEP|REGULAR_HOURS
2021-11-15 14:45:01.61614080,5170828,T,SPY,468.160000,3,193323181,REGULAR_HOURS|ODD_LOT
2021-11-15 14:45:02.120621056,5178292,T,SPY,468.155000,1,193559575,REGULAR_HOURS|ODD_LOT
2021-11-15 14:45:03.501711872,5188931,T,SPY,468.140000,10,193851396,INTERMARKET_SWEEP|REGULAR_HOURS|ODD_LOT
2021-11-15 14:45:09.221634048,5221036,T,SPY,468.180000,13,194801705,REGULAR_HOURS|ODD_LOT
2021-11-15 14:45:13.56980992,5246170,T,SPY,468.190000,1,195581280,REGULAR_HOURS|ODD_LOT
2021-11-15 14:45:13.56994048,5246171,T,SPY,468.190000,1,195581289,REGULAR_HOURS|ODD_LOT
2021-11-15 14:45:13.57009920,5246172,T,SPY,468.190000,78,195581299,REGULAR_HOURS|ODD_LOT
2021-11-15 14:45:13.157683968,5246802,T,SPY,468.190000,122,195598965,REGULAR_HOURS
2021-11-15 14:45:13.157697024,5246803,T,SPY,468.190000,300,195598972,REGULAR_HOURS
2021-11-15 14:45:15.274446080,5259783,T,SPY,468.240000,100,195978197,INTERMARKET_SWEEP|REGULAR_HOURS
2021-11-15 14:45:16.413960960,5266693,T,SPY,468.200000,2,196192166,REGULAR_HOURS|ODD_LOT
2021-11-15 14:45:18.907269888,5287217,T,SPY,468.180000,2,196774637,REGULAR_HOURS|ODD_LOT
2021-11-15 14:45:19.445867008,5290329,T,SPY,468.190000,100,196863744,INTERMARKET_SWEEP|REGULAR_HOURS
2021-11-15 14:45:24.326707968,5319424,T,SPY,468.270000,200,197715957,INTERMARKET_SWEEP|REGULAR_HOURS|TRADE_THROUGH_EXEMPT
2021-11-15 14:45:24.326708992,5319425,T,SPY,468.270000,100,197715966,INTERMARKET_SWEEP|REGULAR_HOURS|TRADE_THROUGH_EXEMPT
2021-11-15 14:45:27.893323008,5339210,T,SPY,468.270000,7,198295948,REGULAR_HOURS|ODD_LOT
2021-11-15 14:45:31.792442880,5359125,T,SPY,468.295000,109,198887864,REGULAR_HOURS
2021-11-15 14:45:31.796392960,5359137,T,SPY,468.295000,591,198888468,REGULAR_HOURS
2021-11-15 14:45:33.277447936,5365730,T,SPY,468.290000,1,199077234,REGULAR_HOURS|ODD_LOT
2021-11-15 14:45:35.200663040,5379971,T,SPY,468.270000,11,199482900,REGULAR_HOURS|ODD_LOT
2021-11-15 14:45:43.122353920,5427058,T,SPY,468.245000,200,200816678,REGULAR_HOURS
2021-11-15 14:45:43.129332992,5427090,T,SPY,468.245000,100,200817641,REGULAR_HOURS
2021-11-15 14:45:43.733637888,5429954,T,SPY,468.255000,100,200906240,REGULAR_HOURS
2021-11-15 14:45:48.925658112,5457607,T,SPY,468.250000,1,201739415,REGULAR_HOURS|ODD_LOT
2021-11-15 14:45:50.940602880,5473548,T,SPY,468.215000,2,202205395,REGULAR_HOURS|ODD_LOT
2021-11-15 14:45:51.77820928,5474427,T,SPY,468.200000,100,202230508,INTERMARKET_SWEEP|REGULAR_HOURS
2021-11-15 14:45:51.163653120,5475093,T,SPY,468.205000,50,202253675,REGULAR_HOURS|ODD_LOT
2021-11-15 14:45:51.439133952,5477014,T,SPY,468.190000,100,202315073,INTERMARKET_SWEEP|REGULAR_HOURS
2021-11-15 14:45:53.515705088,5489946,T,SPY,468.225000,48,202698567,REGULAR_HOURS|ODD_LOT
2021-11-15 14:45:53.517499904,5489979,T,SPY,468.220000,100,202699710,INTERMARKET_SWEEP|REGULAR_HOURS
2021-11-15 14:45:53.865949952,5491802,T,SPY,468.210000,300,202756309,INTERMARKET_SWEEP|REGULAR_HOURS
2021-11-15 14:46:01.743920896,5541447,T,SPY,468.200000,100,204254134,REGULAR_HOURS
2021-11-15 14:46:02.220574976,5544151,T,SPY,468.210000,100,204334555,INTERMARKET_SWEEP|REGULAR_HOURS
2021-11-15 14:46:03.675343104,5550929,T,SPY,468.220000,2,204537625,REGULAR_HOURS|ODD_LOT
2021-11-15 14:46:03.675380992,5550930,T,SPY,468.220000,4,204537630,REGULAR_HOURS|ODD_LOT
2021-11-15 14:46:03.814083072,5552015,T,SPY,468.220000,60,204569216,REGULAR_HOURS|ODD_LOT
2021-11-15 14:46:03.825382912,5552378,T,SPY,468.220000,36,204578266,REGULAR_HOURS|ODD_LOT
2021-11-15 14:46:06.734146048,5567863,T,SPY,468.270000,100,205030317,INTERMARKET_SWEEP|REGULAR_HOURS
2021-11-15 14:46:08.143194880,5575977,T,SPY,468.290000,200,205283573,INTERMARKET_SWEEP|REGULAR_HOURS
2021-11-15 14:46:08.143737088,5575985,T,SPY,468.280000,200,205284052,INTERMARKET_SWEEP|REGULAR_HOURS|TRADE_THROUGH_EXEMPT
2021-11-15 14:46:10.475350016,5589350,T,SPY,468.280000,200,205679129,REGULAR_HOURS
2021-11-15 14:46:10.475417088,5589351,T,SPY,468.280000,300,205679134,REGULAR_HOURS
2021-11-15 14:46:10.503921920,5589520,T,SPY,468.290000,300,205684804,REGULAR_HOURS
2021-11-15 14:46:13.412986112,5612947,T,SPY,468.330000,1,206349774,REGULAR_HOURS|ODD_LOT
2021-11-15 14:46:13.671880960,5614793,T,SPY,468.340000,1,206407970,REGULAR_HOURS|ODD_LOT
2021-11-15 14:46:16.597236992,5631195,T,SPY,468.360000,200,206881214,INTERMARKET_SWEEP|REGULAR_HOURS
2021-11-15 14:46:19.335538944,5646496,T,SPY,468.320000,15,207295096,REGULAR_HOURS|ODD_LOT
2021-11-15 14:46:21.415237888,5658777,T,SPY,468.270000,2,207642985,REGULAR_HOURS|ODD_LOT
2021-11-15 14:46:30.649732096,5702802,T,SPY,468.265000,100,208930517,REGULAR_HOURS
2021-11-15 14:46:30.651585024,5702805,T,SPY,468.265000,137,208930729,REGULAR_HOURS
2021-11-15 14:46:30.716187904,5702971,T,SPY,468.265000,105,208936620,REGULAR_HOURS
2021-11-15 14:46:31.632246016,5706404,T,SPY,468.265000,294,209035595,REGULAR_HOURS
2021-11-15 14:46:32.363168000,5710294,T,SPY,468.250000,1,209154442,REGULAR_HOURS|ODD_LOT
2021-11-15 14:46:32.363168000,5710297,T,SPY,468.250000,200,209154474,REGULAR_HOURS
2021-11-15 14:46:32.449978880,5711258,T,SPY,468.240000,200,209181295,INTERMARKET_SWEEP|REGULAR_HOURS
2021-11-15 14:46:32.462043904,5711470,T,SPY,468.230000,100,209188647,INTERMARKET_SWEEP|REGULAR_HOURS
2021-11-15 14:46:39.401932032,5745269,T,SPY,468.270000,184,210225632,REGULAR_HOURS
2021-11-15 14:46:39.777761024,5747149,T,SPY,468.270000,1,210284031,REGULAR_HOURS|ODD_LOT
2021-11-15 14:46:44.190467072,5767355,T,SPY,468.270000,200,210897645,REGULAR_HOURS
2021-11-15 14:46:49.85754880,5794269,T,SPY,468.210000,150,211677061,INTERMARKET_SWEEP|REGULAR_HOURS
2021-11-15 14:46:50.950504960,5801614,T,SPY,468.210000,11,211908240,REGULAR_HOURS|ODD_LOT
2021-11-15 14:47:01.146138112,5851025,T,SPY,468.280000,200,213356579,INTERMARKET_SWEEP|REGULAR_HOURS
2021-11-15 14:47:02.598351104,5858324,T,SPY,468.300000,41,213567792,REGULAR_HOURS|ODD_LOT
2021-11-15 14:47:18.32527104,5942695,T,SPY,468.235000,200,216002736,REGULAR_HOURS
2021-11-15 14:47:18.95332096,5943370,T,SPY,468.250000,2,216022501,REGULAR_HOURS|ODD_LOT
2021-11-15 14:47:18.976732928,5948607,T,SPY,468.265000,100,216196531,REGULAR_HOURS
2021-11-15 14:47:18.977469952,5948610,T,SPY,468.265000,100,216196651,REGULAR_HOURS
2021-11-15 14:47:20.796931072,5957697,T,SPY,468.250000,2,216474248,REGULAR_HOURS|ODD_LOT
2021-11-15 14:47:30.250561024,6005231,T,SPY,468.240000,1,217875522,INTERMARKET_SWEEP|REGULAR_HOURS|ODD_LOT
2021-11-15 14:47:40.3764992,6047797,T,SPY,468.250000,2,219140242,REGULAR_HOURS|ODD_LOT
2021-11-15 14:47:40.880118016,6051711,T,SPY,468.260000,34,219266434,INTERMARKET_SWEEP|REGULAR_HOURS|ODD_LOT
2021-11-15 14:47:43.671812096,6063648,T,SPY,468.240000,5,219630485,REGULAR_HOURS|ODD_LOT
2021-11-15 14:47:43.774629120,6063982,T,SPY,468.250000,300,219639079,INTERMARKET_SWEEP|REGULAR_HOURS
2021-11-15 14:47:43.774641920,6063983,T,SPY,468.250000,200,219639084,INTERMARKET_SWEEP|REGULAR_HOURS
2021-11-15 14:47:43.877487104,6064408,T,SPY,468.235000,200,219653420,REGULAR_HOURS
2021-11-15 14:47:47.187304960,6082807,T,SPY,468.290000,1,220212482,INTERMARKET_SWEEP|REGULAR_HOURS|ODD_LOT
2021-11-15 14:47:49.519566080,6093287,T,SPY,468.290000,1,220531946,REGULAR_HOURS|ODD_LOT
2021-11-15 14:47:51.60418048,6099065,T,SPY,468.300000,1,220721935,REGULAR_HOURS|ODD_LOT
2021-11-15 14:48:07.916651008,6177191,T,SPY,468.280000,200,223075811,REGULAR_HOURS
2021-11-15 14:48:07.931119104,6177233,T,SPY,468.280000,1,223077429,INTERMARKET_SWEEP|REGULAR_HOURS|ODD_LOT
2021-11-15 14:48:07.931150080,6177236,T,SPY,468.280000,99,223077438,INTERMARKET_SWEEP|REGULAR_HOURS|ODD_LOT
2021-11-15 14:48:08.672669952,6180063,T,SPY,468.300000,29,223164982,REGULAR_HOURS|ODD_LOT
2021-11-15 14:48:12.335456000,6197133,T,SPY,468.240000,175,223683858,REGULAR_HOURS
2021-11-15 14:48:20.478607104,6233792,T,SPY,468.220000,4,224810012,REGULAR_HOURS|ODD_LOT
2021-11-15 14:48:28.738432000,6271840,T,SPY,468.230000,100,225957978,REGULAR_HOURS
2021-11-15 14:48:33.209630976,6293043,T,SPY,468.200000,200,226583140,REGULAR_HOURS
2021-11-15 14:48:44.111563008,6349032,T,SPY,468.150000,1,228175756,REGULAR_HOURS|ODD_LOT
2021-11-15 14:48:44.111563008,6349035,T,SPY,468.150000,1,228175814,REGULAR_HOURS|ODD_LOT
2021-11-15 14:48:44.150695936,6349899,T,SPY,468.150000,1,228198863,REGULAR_HOURS|ODD_LOT
2021-11-15 14:48:45.367924992,6356729,T,SPY,468.140000,3,228381604,REGULAR_HOURS|ODD_LOT
2021-11-15 14:48:47.965157888,6369535,T,SPY,468.190000,1,228762619,REGULAR_HOURS|ODD_LOT
2021-11-15 14:48:47.965218048,6369536,T,SPY,468.190000,1,228762624,REGULAR_HOURS|ODD_LOT
2021-11-15 14:48:47.965219072,6369537,T,SPY,468.190000,1,228762629,REGULAR_HOURS|ODD_LOT
2021-11-15 14:48:50.687099904,6383057,T,SPY,468.180000,121,229136343,REGULAR_HOURS
2021-11-15 14:48:52.867469056,6391565,T,SPY,468.180000,1,229371386,REGULAR_HOURS|ODD_LOT
2021-11-15 14:48:58.264343040,6415457,T,SPY,468.210000,500,230047111,INTERMARKET_SWEEP|REGULAR_HOURS
2021-11-15 14:49:00.729690880,6428806,T,SPY,468.190000,100,230464124,INTERMARKET_SWEEP|REGULAR_HOURS
2021-11-15 14:49:06.545918976,6462016,T,SPY,468.200000,100,231431721,INTERMARKET_SWEEP|REGULAR_HOURS
2021-11-15 14:49:06.608278016,6462627,T,SPY,468.210000,2,231450117,REGULAR_HOURS|ODD_LOT
2021-11-15 14:49:07.195760896,6465308,T,SPY,468.200000,69,231530209,REGULAR_HOURS|ODD_LOT
2021-11-15 14:49:08.583070976,6470922,T,SPY,468.220000,1,231690907,INTERMARKET_SWEEP|REGULAR_HOURS|ODD_LOT
2021-11-15 14:49:08.583084032,6470923,T,SPY,468.220000,299,231690916,INTERMARKET_SWEEP|REGULAR_HOURS
2021-11-15 14:49:17.924464128,6519040,T,SPY,468.210000,1,233094354,INTERMARKET_SWEEP|REGULAR_HOURS|ODD_LOT|TRADE_THROUGH_EXEMPT
2021-11-15 14:49:25.275335936,6553545,T,SPY,468.200000,1,234101035,REGULAR_HOURS|ODD_LOT
2021-11-15 14:49:42.422554880,6641658,T,SPY,468.105000,1,236776204,REGULAR_HOURS|ODD_LOT
2021-11-15 14:49:47.888763904,6664768,T,SPY,468.100000,1,237498171,INTERMARKET_SWEEP|REGULAR_HOURS|ODD_LOT
2021-11-15 14:49:47.888763904,6664773,T,SPY,468.100000,1,237498200,INTERMARKET_SWEEP|REGULAR_HOURS|ODD_LOT
2021-11-15 14:49:47.888763904,6664775,T,SPY,468.100000,85,237498221,INTERMARKET_SWEEP|REGULAR_HOURS|ODD_LOT
2021-11-15 14:49:47.888954112,6664787,T,SPY,468.100000,15,237498589,INTERMARKET_SWEEP|REGULAR_HOURS|ODD_LOT
2021-11-15 14:49:49.916407040,6673761,T,SPY,468.115000,1,237776429,REGULAR_HOURS|ODD_LOT
2021-11-15 14:49:52.239847936,6693151,T,SPY,468.155000,4,238324456,REGULAR_HOURS|ODD_LOT
2021-11-15 14:49:52.266470912,6693286,T,SPY,468.160000,203,238329246,REGULAR_HOURS
2021-11-15 14:49:54.642973952,6709122,T,SPY,468.125000,3,238810328,REGULAR_HOURS|ODD_LOT
2021-11-15 14:49:55.96292096,6712204,T,SPY,468.110000,52,238898469,REGULAR_HOURS|ODD_LOT
2021-11-15 14:49:57.484556032,6722986,T,SPY,468.115000,5,239237258,REGULAR_HOURS|ODD_LOT
2021-11-15 14:49:57.817254912,6725708,T,SPY,468.120000,100,239316075,REGULAR_HOURS
2021-11-15 14:50:00.551611904,6741125,T,SPY,468.110000,100,239772363,REGULAR_HOURS
2021-11-15 14:50:02.92689920,6749114,T,SPY,468.135000,3,240023273,REGULAR_HOURS|ODD_LOT
2021-11-15 14:50:08.25413120,6788433,T,SPY,468.160000,307,241184686,INTERMARKET_SWEEP|REGULAR_HOURS
2021-11-15 14:50:08.345251072,6790165,T,SPY,468.150000,100,241231739,INTERMARKET_SWEEP|REGULAR_HOURS
2021-11-15 14:50:09.836124928,6798191,T,SPY,468.135000,100,241485112,REGULAR_HOURS
2021-11-15 14:50:10.27046912,6799052,T,SPY,468.145000,3,241511018,REGULAR_HOURS|ODD_LOT
2021-11-15 14:50:10.939151872,6804000,T,SPY,468.135000,10,241661986,REGULAR_HOURS|ODD_LOT
2021-11-15 14:50:11.870795008,6809048,T,SPY,468.130000,23,241807337,REGULAR_HOURS|ODD_LOT
2021-11-15 14:50:15.932694016,6830730,T,SPY,468.075000,44,242471250,REGULAR_HOURS|ODD_LOT
2021-11-15 14:50:16.117189888,6831610,T,SPY,468.070000,40,242502172,REGULAR_HOURS|ODD_LOT
2021-11-15 14:50:16.364869120,6834102,T,SPY,468.045000,16,242587162,REGULAR_HOURS|ODD_LOT
2021-11-15 14:50:16.822076928,6837009,T,SPY,468.030000,200,242691434,INTERMARKET_SWEEP|REGULAR_HOURS
2021-11-15 14:50:22.498300928,6864960,T,SPY,468.045000,127,243521835,REGULAR_HOURS
2021-11-15 14:50:23.741506048,6869956,T,SPY,468.035000,4,243667372,REGULAR_HOURS|ODD_LOT
2021-11-15 14:50:24.900751104,6875371,T,SPY,468.030000,300,243833996,INTERMARKET_SWEEP|REGULAR_HOURS
2021-11-15 14:50:25.28534016,6875919,T,SPY,468.040000,2,243853538,REGULAR_HOURS|ODD_LOT
2021-11-15 14:50:27.669894912,6887305,T,SPY,468.040000,12,244188012,REGULAR_HOURS|ODD_LOT
2021-11-15 14:50:34.376464896,6928009,T,SPY,468.050000,1,245342755,REGULAR_HOURS|ODD_LOT
2021-11-15 14:50:40.136028928,6962950,T,SPY,467.965000,21,246391971,REGULAR_HOURS|ODD_LOT
2021-11-15 14:50:46.290793984,7000050,T,SPY,467.880000,300,247489966,INTERMARKET_SWEEP|REGULAR_HOURS
2021-11-15 14:50:48.72377088,7008192,T,SPY,467.910000,2,247735237,REGULAR_HOURS|ODD_LOT
2021-11-15 14:50:50.201897984,7021815,T,SPY,467.890000,1,248109578,INTERMARKET_SWEEP|REGULAR_HOURS|ODD_LOT
2021-11-15 14:50:51.341370112,7028952,T,SPY,467.940000,500,248305580,INTERMARKET_SWEEP|REGULAR_HOURS|TRADE_THROUGH_EXEMPT
2021-11-15 14:50:52.675303936,7036328,T,SPY,467.935000,100,248519711,REGULAR_HOURS
2021-11-15 14:50:58.910340096,7068090,T,SPY,467.945000,50,249445216,REGULAR_HOURS|ODD_LOT
2021-11-15 14:51:01.6821120,7079168,T,SPY,467.885000,3,249760152,REGULAR_HOURS|ODD_LOT
2021-11-15 14:51:02.703412992,7089578,T,SPY,467.850000,300,250092219,INTERMARKET_SWEEP|REGULAR_HOURS
2021-11-15 14:51:02.707907072,7089635,T,SPY,467.860000,500,250094140,INTERMARKET_SWEEP|REGULAR_HOURS|TRADE_THROUGH_EXEMPT
2021-11-15 14:51:13.265821952,7150040,T,SPY,467.820000,300,251927914,INTERMARKET_SWEEP|REGULAR_HOURS
2021-11-15 14:51:15.66808064,7159318,T,SPY,467.790000,1,252197115,REGULAR_HOURS|ODD_LOT
2021-11-15 14:51:21.859714048,7200191,T,SPY,467.740000,50,253388746,REGULAR_HOURS|ODD_LOT
2021-11-15 14:51:28.211173120,7231229,T,SPY,467.725000,100,254284633,REGULAR_HOURS
2021-11-15 14:51:29.26465024,7239120,T,SPY,467.650000,300,254508622,REGULAR_HOURS
2021-11-15 14:51:30.637296128,7249616,T,SPY,467.655000,4,254812596,REGULAR_HOURS|ODD_LOT
2021-11-15 14:51:31.139911936,7251967,T,SPY,467.670000,300,254882448,REGULAR_HOURS
2021-11-15 14:51:31.637328896,7254098,T,SPY,467.655000,4,254945861,REGULAR_HOURS|ODD_LOT
2021-11-15 14:51:33.544547072,7267049,T,SPY,467.750000,300,255336574,INTERMARKET_SWEEP|REGULAR_HOURS
2021-11-15 14:51:34.469481984,7273399,T,SPY,467.710000,3,255520257,REGULAR_HOURS|ODD_LOT
2021-11-15 14:51:34.469574912,7273400,T,SPY,467.710000,97,255520269,REGULAR_HOURS|ODD_LOT
2021-11-15 14:51:42.979918080,7312283,T,SPY,467.720000,10,256690986,REGULAR_HOURS|ODD_LOT
2021-11-15 14:52:01.630258944,7406751,T,SPY,467.690000,420,259493693,REGULAR_HOURS
2021-11-15 14:52:01.752290048,7407658,T,SPY,467.700000,12,259519207,REGULAR_HOURS|ODD_LOT
2021-11-15 14:52:02.647407104,7412506,T,SPY,467.710000,45,259664988,REGULAR_HOURS|ODD_LOT
2021-11-15 14:52:03.923520000,7419840,T,SPY,467.720000,100,259884851,INTERMARKET_SWEEP|REGULAR_HOURS
2021-11-15 14:52:03.943830016,7419947,T,SPY,467.710000,1,259887834,REGULAR_HOURS|ODD_LOT
2021-11-15 14:52:04.521270016,7422940,T,SPY,467.715000,7,259981470,REGULAR_HOURS|ODD_LOT
2021-11-15 14:52:04.549665024,7423175,T,SPY,467.720000,52,259986781,REGULAR_HOURS|ODD_LOT
2021-11-15 14:52:06.445577984,7434463,T,SPY,467.730000,1,260304949,INTERMARKET_SWEEP|REGULAR_HOURS|ODD_LOT
2021-11-15 14:52:14.679328000,7475779,T,SPY,467.695000,40,261527939,REGULAR_HOURS|ODD_LOT
2021-11-15 14:52:19.336956928,7497624,T,SPY,467.770000,100,262191271,INTERMARKET_SWEEP|REGULAR_HOURS
2021-11-15 14:52:22.751013888,7514966,T,SPY,467.755000,100,262679977,REGULAR_HOURS
2021-11-15 14:52:22.844828928,7515427,T,SPY,467.760000,100,262691142,REGULAR_HOURS
2021-11-15 14:52:26.882909952,7532356,T,SPY,467.790000,2,263184849,INTERMARKET_SWEEP|REGULAR_HOURS|ODD_LOT
2021-11-15 14:52:27.343358976,7534431,T,SPY,467.780000,2,263244648,INTERMARKET_SWEEP|REGULAR_HOURS|ODD_LOT
2021-11-15 14:52:27.343376896,7534432,T,SPY,467.780000,300,263244657,INTERMARKET_SWEEP|REGULAR_HOURS
2021-11-15 14:52:34.690760960,7572523,T,SPY,467.760000,100,264335882,REGULAR_HOURS
2021-11-15 14:52:50.166797056,7642587,T,SPY,467.750000,192,266357680,REGULAR_HOURS
2021-11-15 14:53:02.644932096,7707160,T,SPY,467.890000,25,268197726,REGULAR_HOURS|ODD_LOT
2021-11-15 14:53:04.102009088,7717220,T,SPY,467.920000,2,268471134,REGULAR_HOURS|ODD_LOT
2021-11-15 14:53:08.247452928,7747367,T,SPY,467.945000,6,269303229,REGULAR_HOURS|ODD_LOT
2021-11-15 14:53:11.639528960,7766460,T,SPY,467.965000,2,269824921,REGULAR_HOURS|ODD_LOT
2021-11-15 14:53:20.521284096,7813375,T,SPY,468.025000,5,271159950,REGULAR_HOURS|ODD_LOT
2021-11-15 14:53:21.316736000,7817982,T,SPY,468.010000,200,271295437,INTERMARKET_SWEEP|REGULAR_HOURS|TRADE_THROUGH_EXEMPT
2021-11-15 14:53:21.316752896,7817983,T,SPY,468.010000,200,271295444,INTERMARKET_SWEEP|REGULAR_HOURS|TRADE_THROUGH_EXEMPT
2021-11-15 14:53:27.678487040,7852731,T,SPY,468.020000,100,272283317,REGULAR_HOURS
2021-11-15 14:53:29.653071104,7861469,T,SPY,468.020000,100,272532911,REGULAR_HOURS
2021-11-15 14:53:30.706686976,7865710,T,SPY,468.030000,100,272662244,INTERMARKET_SWEEP|REGULAR_HOURS
2021-11-15 14:53:30.944285952,7866919,T,SPY,468.040000,50,272696276,REGULAR_HOURS|ODD_LOT
2021-11-15 14:53:36.404324096,7894276,T,SPY,467.960000,1,273490248,REGULAR_HOURS|ODD_LOT
2021-11-15 14:53:39.604758016,7909291,T,SPY,467.960000,200,273935698,INTERMARKET_SWEEP|REGULAR_HOURS
2021-11-15 14:53:39.604773888,7909293,T,SPY,467.960000,500,273935727,INTERMARKET_SWEEP|REGULAR_HOURS
2021-11-15 14:53:49.856643072,7955822,T,SPY,467.910000,1,275260141,REGULAR_HOURS|ODD_LOT
2021-11-15 14:53:54.701751040,7978214,T,SPY,467.920000,100,275877142,INTERMARKET_SWEEP|REGULAR_HOURS
2021-11-15 14:54:03.872762112,8025421,T,SPY,468.050000,3,277223359,REGULAR_HOURS|ODD_LOT
2021-11-15 14:54:03.872762880,8025423,T,SPY,468.050000,1,277223403,REGULAR_HOURS|ODD_LOT
2021-11-15 14:54:05.91281920,8032573,T,SPY,468.065000,1,277412570,REGULAR_HOURS|ODD_LOT
2021-11-15 14:54:06.307642112,8040386,T,SPY,468.085000,4,277634386,REGULAR_HOURS|ODD_LOT
2021-11-15 14:54:07.420727040,8046523,T,SPY,468.095000,2,277802286,REGULAR_HOURS|ODD_LOT
2021-11-15 14:54:10.340953088,8067182,T,SPY,468.110000,145,278350624,REGULAR_HOURS
2021-11-15 14:54:16.986967040,8107067,T,SPY,468.130000,300,279448522,INTERMARKET_SWEEP|REGULAR_HOURS
2021-11-15 14:54:20.621789952,8123319,T,SPY,468.120000,1,279889722,REGULAR_HOURS|ODD_LOT
2021-11-15 14:54:24.211074048,8139094,T,SPY,468.120000,100,280335695,INTERMARKET_SWEEP|REGULAR_HOURS
2021-11-15 14:54:25.194714880,8144226,T,SPY,468.120000,1,280489528,INTERMARKET_SWEEP|REGULAR_HOURS|ODD_LOT
2021-11-15 14:54:27.287318016,8152520,T,SPY,468.120000,100,280716559,INTERMARKET_SWEEP|REGULAR_HOURS
2021-11-15 14:54:27.287331072,8152521,T,SPY,468.120000,200,280716568,INTERMARKET_SWEEP|REGULAR_HOURS
2021-11-15 14:54:28.405376000,8157005,T,SPY,468.090000,200,280855542,INTERMARKET_SWEEP|REGULAR_HOURS
2021-11-15 14:54:44.422145024,8228025,T,SPY,468.170000,1,282855696,REGULAR_HOURS|ODD_LOT
2021-11-15 14:54:44.422162944,8228026,T,SPY,468.170000,2,282855701,REGULAR_HOURS|ODD_LOT
2021-11-15 14:54:49.659557120,8250724,T,SPY,468.170000,6,283467127,INTERMARKET_SWEEP|REGULAR_HOURS|ODD_LOT
2021-11-15 14:54:49.659608064,8250725,T,SPY,468.170000,200,283467136,INTERMARKET_SWEEP|REGULAR_HOURS
2021-11-15 14:54:49.659610112,8250726,T,SPY,468.170000,294,283467141,INTERMARKET_SWEEP|REGULAR_HOURS
2021-11-15 14:54:49.909026048,8251795,T,SPY,468.165000,2,283496423,REGULAR_HOURS|ODD_LOT
2021-11-15 14:54:49.973649920,8252160,T,SPY,468.160000,200,283504922,INTERMARKET_SWEEP|REGULAR_HOURS
2021-11-15 14:54:49.973661952,8252161,T,SPY,468.160000,100,283504927,INTERMARKET_SWEEP|REGULAR_HOURS
2021-11-15 14:54:49.973673984,8252162,T,SPY,468.160000,100,283504936,INTERMARKET_SWEEP|REGULAR_HOURS
2021-11-15 14:54:49.978885120,8252212,T,SPY,468.150000,200,283506190,INTERMARKET_SWEEP|REGULAR_HOURS|TRADE_THROUGH_EXEMPT
2021-11-15 14:54:49.981234944,8252248,T,SPY,468.150000,200,283507399,INTERMARKET_SWEEP|REGULAR_HOURS
2021-11-15 14:54:53.656099072,8269534,T,SPY,468.185000,4,283996577,REGULAR_HOURS|ODD_LOT
2021-11-15 14:54:55.185906944,8275086,T,SPY,468.210000,100,284161309,REGULAR_HOURS
2021-11-15 14:54:55.189114880,8275131,T,SPY,468.210000,1,284162540,REGULAR_HOURS|ODD_LOT
2021-11-15 14:54:55.195650048,8275164,T,SPY,468.205000,42,284163454,REGULAR_HOURS|ODD_LOT
2021-11-15 14:54:55.489234944,8276113,T,SPY,468.205000,300,284195905,REGULAR_HOURS
2021-11-15 14:54:55.491574016,8276114,T,SPY,468.205000,146,284196111,REGULAR_HOURS
2021-11-15 14:54:57.606320896,8285751,T,SPY,468.230000,72,284484472,REGULAR_HOURS|ODD_LOT
2021-11-15 14:55:00.62860032,8295661,T,SPY,468.210000,1,284774979,REGULAR_HOURS|ODD_LOT
2021-11-15 14:55:00.62898944,8295662,T,SPY,468.210000,199,284774986,REGULAR_HOURS
2021-11-15 14:55:00.64015872,8295667,T,SPY,468.210000,101,284775142,REGULAR_HOURS
2021-11-15 14:55:00.486203904,8298429,T,SPY,468.215000,5,284854945,REGULAR_HOURS|ODD_LOT
2021-11-15 14:55:02.512749056,8308919,T,SPY,468.220000,1,285160460,INTERMARKET_SWEEP|REGULAR_HOURS|ODD_LOT
2021-11-15 14:55:08.526021888,8340225,T,SPY,468.270000,2,286059378,REGULAR_HOURS|ODD_LOT
2021-11-15 14:55:09.415095040,8344116,T,SPY,468.250000,100,286176171,REGULAR_HOURS
2021-11-15 14:55:11.851741952,8355230,T,SPY,468.260000,1,286498592,REGULAR_HOURS|ODD_LOT
2021-11-15 14:55:17.733804032,8381166,T,SPY,468.280000,100,287225144,REGULAR_HOURS
2021-11-15 14:55:17.734769920,8381169,T,SPY,468.280000,200,287225214,REGULAR_HOURS
2021-11-15 14:55:21.210524928,8399504,T,SPY,468.260000,1,287754640,REGULAR_HOURS|ODD_LOT
2021-11-15 14:55:29.473319936,8437115,T,SPY,468.340000,3,288813655,REGULAR_HOURS|ODD_LOT
2021-11-15 14:55:32.186318080,8450534,T,SPY,468.360000,100,289197793,REGULAR_HOURS
2021-11-15 14:55:32.659629056,8452794,T,SPY,468.345000,3,289261815,REGULAR_HOURS|ODD_LOT
2021-11-15 14:55:36.438424064,8470876,T,SPY,468.360000,300,289765199,INTERMARKET_SWEEP|REGULAR_HOURS
2021-11-15 14:55:37.10252032,8474564,T,SPY,468.330000,1,289873431,INTERMARKET_SWEEP|REGULAR_HOURS|ODD_LOT
2021-11-15 14:55:37.10274048,8474568,T,SPY,468.330000,300,289873453,INTERMARKET_SWEEP|REGULAR_HOURS
2021-11-15 14:55:41.387582976,8496377,T,SPY,468.315000,4,290472329,REGULAR_HOURS|ODD_LOT
2021-11-15 14:55:48.647941120,8528847,T,SPY,468.325000,800,291385865,REGULAR_HOURS
2021-11-15 14:55:50.786243072,8537611,T,SPY,468.325000,3,291630168,REGULAR_HOURS|ODD_LOT
2021-11-15 14:55:51.57630976,8538678,T,SPY,468.325000,700,291658341,REGULAR_HOURS
2021-11-15 14:55:51.596300032,8540693,T,SPY,468.325000,4,291711250,REGULAR_HOURS|ODD_LOT
2021-11-15 14:55:52.426017024,8544683,T,SPY,468.320000,200,291815535,INTERMARKET_SWEEP|REGULAR_HOURS
2021-11-15 14:55:52.431665920,8544705,T,SPY,468.320000,25,291816377,REGULAR_HOURS|ODD_LOT
2021-11-15 14:55:55.330362880,8555996,T,SPY,468.350000,300,292138520,INTERMARKET_SWEEP|REGULAR_HOURS
2021-11-15 14:55:57.686083072,8565519,T,SPY,468.340000,300,292414225,REGULAR_HOURS
2021-11-15 14:56:02.105975040,8588882,T,SPY,468.370000,1,293047218,REGULAR_HOURS|ODD_LOT
2021-11-15 14:56:03.560346112,8595563,T,SPY,468.370000,5,293223133,REGULAR_HOURS|ODD_LOT
2021-11-15 14:56:04.172291072,8598239,T,SPY,468.380000,2,293291081,INTERMARKET_SWEEP|REGULAR_HOURS|ODD_LOT|TRADE_THROUGH_EXEMPT
2021-11-15 14:56:04.172305920,8598240,T,SPY,468.380000,200,293291087,INTERMARKET_SWEEP|REGULAR_HOURS|TRADE_THROUGH_EXEMPT
2021-11-15 14:56:04.172320000,8598241,T,SPY,468.380000,200,293291093,INTERMARKET_SWEEP|REGULAR_HOURS|TRADE_THROUGH_EXEMPT
2021-11-15 14:56:05.24134912,8602179,T,SPY,468.370000,100,293391943,INTERMARKET_SWEEP|REGULAR_HOURS
2021-11-15 14:56:05.888512000,8606074,T,SPY,468.380000,36,293491838,REGULAR_HOURS|ODD_LOT
2021-11-15 14:56:07.522988032,8612991,T,SPY,468.390000,200,293671900,INTERMARKET_SWEEP|REGULAR_HOURS
2021-11-15 14:56:07.970688000,8614899,T,SPY,468.395000,4,293723651,REGULAR_HOURS|ODD_LOT
2021-11-15 14:56:12.423216128,8635505,T,SPY,468.410000,2,294281109,REGULAR_HOURS|ODD_LOT
2021-11-15 14:56:12.507809024,8636231,T,SPY,468.395000,1,294302460,REGULAR_HOURS|ODD_LOT
2021-11-15 14:56:12.726597120,8637042,T,SPY,468.405000,7,294328957,REGULAR_HOURS|ODD_LOT
2021-11-15 14:56:13.233838080,8639016,T,SPY,468.410000,1,294386317,REGULAR_HOURS|ODD_LOT
2021-11-15 14:56:15.963588096,8650933,T,SPY,468.430000,10,294702134,REGULAR_HOURS|ODD_LOT
2021-11-15 14:56:17.187450880,8656738,T,SPY,468.450000,200,294875285,REGULAR_HOURS
2021-11-15 14:56:17.187522048,8656739,T,SPY,468.450000,300,294875291,REGULAR_HOURS
2021-11-15 14:56:17.775527936,8659324,T,SPY,468.460000,5,294940690,REGULAR_HOURS|ODD_LOT
2021-11-15 14:56:17.775664896,8659325,T,SPY,468.460000,7,294940698,REGULAR_HOURS|ODD_LOT
2021-11-15 14:56:18.30891008,8660509,T,SPY,468.460000,121,294975209,REGULAR_HOURS
2021-11-15 14:56:18.163973120,8661072,T,SPY,468.455000,60,294993284,REGULAR_HOURS|ODD_LOT
2021-11-15 14:56:19.773953024,8667960,T,SPY,468.475000,29,295186034,REGULAR_HOURS|ODD_LOT
2021-11-15 14:56:19.773967872,8667961,T,SPY,468.475000,2,295186039,REGULAR_HOURS|ODD_LOT
2021-11-15 14:56:20.100879104,8668962,T,SPY,468.475000,100,295216530,REGULAR_HOURS
2021-11-15 14:56:20.384293120,8670123,T,SPY,468.465000,65,295251761,INTERMARKET_SWEEP|REGULAR_HOURS|ODD_LOT
2021-11-15 14:56:20.384342016,8670124,T,SPY,468.460000,10,295251774,INTERMARKET_SWEEP|REGULAR_HOURS|ODD_LOT
2021-11-15 14:56:20.389671936,8670162,T,SPY,468.475000,5,295252756,REGULAR_HOURS|ODD_LOT
2021-11-15 14:56:20.395170048,8670187,T,SPY,468.460000,81,295253677,REGULAR_HOURS|ODD_LOT
2021-11-15 14:56:21.554967040,8675500,T,SPY,468.455000,6,295403126,REGULAR_HOURS|ODD_LOT
2021-11-15 14:56:21.561064960,8675542,T,SPY,468.455000,110,295404190,REGULAR_HOURS
2021-11-15 14:56:27.172485120,8698273,T,SPY,468.475000,60,296014400,REGULAR_HOURS|ODD_LOT
2021-11-15 14:56:28.80695040,8702320,T,SPY,468.480000,200,296132326,INTERMARKET_SWEEP|REGULAR_HOURS
2021-11-15 14:56:28.196219904,8702940,T,SPY,468.510000,500,296152192,INTERMARKET_SWEEP|REGULAR_HOURS|TRADE_THROUGH_EXEMPT
2021-11-15 14:56:28.202789888,8703850,T,SPY,468.510000,200,296179365,INTERMARKET_SWEEP|REGULAR_HOURS
2021-11-15 14:56:35.388461056,8736242,T,SPY,468.550000,200,297075185,INTERMARKET_SWEEP|REGULAR_HOURS
2021-11-15 14:56:35.795749888,8738005,T,SPY,468.530000,6,297124180,REGULAR_HOURS|ODD_LOT
2021-11-15 14:56:38.580449024,8751401,T,SPY,468.505000,100,297473810,REGULAR_HOURS
2021-11-15 14:56:40.294507008,8761782,T,SPY,468.495000,35,297736443,REGULAR_HOURS|ODD_LOT
2021-11-15 14:56:40.294519040,8761783,T,SPY,468.495000,5,297736454,REGULAR_HOURS|ODD_LOT
2021-11-15 14:56:40.726803968,8764514,T,SPY,468.490000,105,297802373,REGULAR_HOURS
2021-11-15 14:56:42.38775040,8769859,T,SPY,468.495000,40,297957038,REGULAR_HOURS|ODD_LOT
2021-11-15 14:56:42.38792960,8769860,T,SPY,468.495000,84,297957043,REGULAR_HOURS|ODD_LOT
2021-11-15 14:56:42.40737024,8769936,T,SPY,468.490000,1,297959386,REGULAR_HOURS|ODD_LOT
2021-11-15 14:56:42.265831936,8772051,T,SPY,468.475000,36,298014210,REGULAR_HOURS|ODD_LOT
2021-11-15 14:56:46.487269120,8793192,T,SPY,468.495000,60,298560491,REGULAR_HOURS|ODD_LOT
2021-11-15 14:56:47.685861120,8798920,T,SPY,468.510000,1,298711568,REGULAR_HOURS|ODD_LOT
2021-11-15 14:56:47.689223936,8799011,T,SPY,468.500000,170,298714074,REGULAR_HOURS
2021-11-15 14:56:49.299952128,8808364,T,SPY,468.475000,4,298969908,REGULAR_HOURS|ODD_LOT
2021-11-15 14:56:50.156033024,8814465,T,SPY,468.440000,10,299130826,REGULAR_HOURS|ODD_LOT
2021-11-15 14:56:51.894099968,8824048,T,SPY,468.420000,168,299397576,REGULAR_HOURS
2021-11-15 14:56:51.895078912,8824056,T,SPY,468.420000,22,299397698,REGULAR_HOURS|ODD_LOT
2021-11-15 14:56:54.16992000,8833965,T,SPY,468.440000,55,299684678,INTERMARKET_SWEEP|REGULAR_HOURS|ODD_LOT
2021-11-15 14:56:54.17017088,8833970,T,SPY,468.430000,200,299684746,INTERMARKET_SWEEP|REGULAR_HOURS|TRADE_THROUGH_EXEMPT
2021-11-15 14:56:54.295145984,8836694,T,SPY,468.425000,20,299760297,REGULAR_HOURS|ODD_LOT
2021-11-15 14:56:55.176948992,8843086,T,SPY,468.415000,200,299922877,REGULAR_HOURS
2021-11-15 14:56:56.673444096,8855257,T,SPY,468.400000,2,300226920,INTERMARKET_SWEEP|REGULAR_HOURS|ODD_LOT
2021-11-15 14:56:56.673487104,8855258,T,SPY,468.400000,200,300226929,INTERMARKET_SWEEP|REGULAR_HOURS
2021-11-15 14:56:56.673488896,8855259,T,SPY,468.400000,300,300226944,INTERMARKET_SWEEP|REGULAR_HOURS
2021-11-15 14:56:57.13222912,8857073,T,SPY,468.380000,1,300273139,REGULAR_HOURS|ODD_LOT
2021-11-15 14:56:57.777176064,8861097,T,SPY,468.385000,100,300380237,REGULAR_HOURS
2021-11-15 14:56:57.779130112,8861099,T,SPY,468.385000,100,300380379,REGULAR_HOURS
2021-11-15 14:56:57.792937984,8861122,T,SPY,468.385000,100,300381937,REGULAR_HOURS
2021-11-15 14:56:57.833335040,8861240,T,SPY,468.390000,10,300385770,REGULAR_HOURS|ODD_LOT
2021-11-15 14:57:03.144837120,8889790,T,SPY,468.440000,10,301166516,REGULAR_HOURS|ODD_LOT
2021-11-15 14:57:05.215941888,8898756,T,SPY,468.460000,65,301419396,REGULAR_HOURS|ODD_LOT
2021-11-15 14:57:08.688371968,8917769,T,SPY,468.500000,110,301923844,REGULAR_HOURS
2021-11-15 14:57:13.213790976,8940839,T,SPY,468.440000,75,302540501,REGULAR_HOURS|ODD_LOT
2021-11-15 14:57:17.5830912,8956809,T,SPY,468.440000,100,302944024,REGULAR_HOURS
2021-11-15 14:57:17.23334912,8956896,T,SPY,468.440000,100,302946290,REGULAR_HOURS
2021-11-15 14:57:17.736587008,8959777,T,SPY,468.440000,25,303014879,REGULAR_HOURS|ODD_LOT
2021-11-15 14:57:17.736589056,8959778,T,SPY,468.440000,35,303014889,REGULAR_HOURS|ODD_LOT
2021-11-15 14:57:18.445936896,8962765,T,SPY,468.435000,39,303092793,REGULAR_HOURS|ODD_LOT
2021-11-15 14:57:18.454898944,8962979,T,SPY,468.420000,100,303099208,REGULAR_HOURS
2021-11-15 14:57:18.454938112,8962982,T,SPY,468.420000,100,303099269,REGULAR_HOURS
2021-11-15 14:57:19.437911040,8968761,T,SPY,468.425000,30,303244752,REGULAR_HOURS|ODD_LOT
2021-11-15 14:57:19.444610048,8968826,T,SPY,468.425000,100,303245840,REGULAR_HOURS
2021-11-15 14:57:20.719437056,8975503,T,SPY,468.415000,65,303418014,REGULAR_HOURS|ODD_LOT
2021-11-15 14:57:20.722728960,8975534,T,SPY,468.410000,16,303418586,REGULAR_HOURS|ODD_LOT
2021-11-15 14:57:21.819796992,8979441,T,SPY,468.415000,5,303526380,REGULAR_HOURS|ODD_LOT
2021-11-15 14:57:22.16368128,8980757,T,SPY,468.410000,84,303563296,REGULAR_HOURS|ODD_LOT
2021-11-15 14:57:31.316104960,9022886,T,SPY,468.490000,2,304676317,INTERMARKET_SWEEP|REGULAR_HOURS|ODD_LOT
2021-11-15 14:57:32.863289088,9029637,T,SPY,468.460000,1,304865781,REGULAR_HOURS|ODD_LOT
2021-11-15 14:57:34.68875008,9035396,T,SPY,468.430000,100,305017452,REGULAR_HOURS
2021-11-15 14:57:34.68921088,9035398,T,SPY,468.430000,50,305017459,REGULAR_HOURS|ODD_LOT
2021-11-15 14:57:38.565934080,9057859,T,SPY,468.470000,4,305607052,INTERMARKET_SWEEP|REGULAR_HOURS|ODD_LOT
2021-11-15 14:57:40.470818048,9066367,T,SPY,468.440000,10,305831549,REGULAR_HOURS|ODD_LOT
2021-11-15 14:57:45.997157120,9092267,T,SPY,468.450000,200,306528809,REGULAR_HOURS
2021-11-15 14:57:49.146033920,9104967,T,SPY,468.440000,145,306885174,REGULAR_HOURS
2021-11-15 14:57:50.14555904,9108590,T,SPY,468.460000,1,306980041,INTERMARKET_SWEEP|REGULAR_HOURS|ODD_LOT
2021-11-15 14:57:50.213459968,9109300,T,SPY,468.460000,1,307002691,REGULAR_HOURS|ODD_LOT
2021-11-15 14:57:52.251852032,9117880,T,SPY,468.450000,200,307247992,REGULAR_HOURS
2021-11-15 14:57:55.333923072,9133859,T,SPY,468.465000,82,307668581,REGULAR_HOURS|ODD_LOT
2021-11-15 14:58:00.55409920,9155134,T,SPY,468.430000,100,308235606,REGULAR_HOURS
2021-11-15 14:58:02.525274880,9166184,T,SPY,468.450000,91,308533261,REGULAR_HOURS|ODD_LOT
2021-11-15 14:58:04.960544000,9177588,T,SPY,468.420000,100,308836744,INTERMARKET_SWEEP|REGULAR_HOURS
2021-11-15 14:58:04.960634880,9177589,T,SPY,468.420000,100,308836749,INTERMARKET_SWEEP|REGULAR_HOURS
2021-11-15 14:58:04.960635904,9177590,T,SPY,468.420000,166,308836755,INTERMARKET_SWEEP|REGULAR_HOURS
2021-11-15 14:58:09.126728960,9197324,T,SPY,468.420000,186,309366571,REGULAR_HOURS
2021-11-15 14:58:09.584504064,9200423,T,SPY,468.400000,1,309452437,REGULAR_HOURS|ODD_LOT
2021-11-15 14:58:10.686436096,9205595,T,SPY,468.390000,1,309587877,REGULAR_HOURS|ODD_LOT
2021-11-15 14:58:10.789017088,9206070,T,SPY,468.390000,1,309600528,REGULAR_HOURS|ODD_LOT
2021-11-15 14:58:10.863109888,9206448,T,SPY,468.390000,1,309610981,REGULAR_HOURS|ODD_LOT
2021-11-15 14:58:11.298728960,9208373,T,SPY,468.390000,1,309661349,REGULAR_HOURS|ODD_LOT
2021-11-15 14:58:11.298744064,9208375,T,SPY,468.390000,1,309661361,REGULAR_HOURS|ODD_LOT
2021-11-15 14:58:11.551845888,9210175,T,SPY,468.390000,30,309705635,REGULAR_HOURS|ODD_LOT
2021-11-15 14:58:13.142292992,9219170,T,SPY,468.380000,87,309942207,INTERMARKET_SWEEP|REGULAR_HOURS|ODD_LOT
2021-11-15 14:58:13.142350080,9219173,T,SPY,468.380000,13,309942243,INTERMARKET_SWEEP|REGULAR_HOURS|ODD_LOT
2021-11-15 14:58:17.325454080,9240578,T,SPY,468.380000,200,310493420,REGULAR_HOURS
2021-11-15 14:58:19.495159040,9249833,T,SPY,468.380000,300,310737202,REGULAR_HOURS
2021-11-15 14:58:19.495168000,9249834,T,SPY,468.380000,500,310737212,REGULAR_HOURS
2021-11-15 14:58:19.495182080,9249835,T,SPY,468.380000,500,310737224,REGULAR_HOURS
2021-11-15 14:58:19.495193088,9249836,T,SPY,468.380000,200,310737233,REGULAR_HOURS
2021-11-15 14:58:25.807398912,9277728,T,SPY,468.410000,100,311491010,REGULAR_HOURS
2021-11-15 14:58:28.881111040,9288013,T,SPY,468.430000,200,311771151,INTERMARKET_SWEEP|REGULAR_HOURS
2021-11-15 14:58:28.881134080,9288014,T,SPY,468.430000,500,311771156,INTERMARKET_SWEEP|REGULAR_HOURS
2021-11-15 14:58:28.881178112,9288015,T,SPY,468.430000,500,311771165,INTERMARKET_SWEEP|REGULAR_HOURS
2021-11-15 14:58:28.881179904,9288016,T,SPY,468.430000,300,311771172,INTERMARKET_SWEEP|REGULAR_HOURS
2021-11-15 14:58:29.96327936,9289111,T,SPY,468.440000,6,311800844,REGULAR_HOURS|ODD_LOT
2021-11-15 14:58:30.141032960,9293160,T,SPY,468.450000,300,311919207,REGULAR_HOURS
2021-11-15 14:58:30.141808896,9293165,T,SPY,468.450000,200,311919269,REGULAR_HOURS
2021-11-15 14:58:30.546842880,9294714,T,SPY,468.450000,9,311963007,REGULAR_HOURS|ODD_LOT
2021-11-15 14:58:31.45647104,9296375,T,SPY,468.450000,200,312009473,REGULAR_HOURS
2021-11-15 14:58:31.45656064,9296376,T,SPY,468.450000,27,312009480,REGULAR_HOURS|ODD_LOT
2021-11-15 14:58:33.294215936,9306661,T,SPY,468.470000,1,312289303,INTERMARKET_SWEEP|REGULAR_HOURS|ODD_LOT
2021-11-15 14:58:33.294242048,9306663,T,SPY,468.470000,3,312289333,INTERMARKET_SWEEP|REGULAR_HOURS|ODD_LOT
2021-11-15 14:58:33.298903040,9306728,T,SPY,468.470000,100,312290789,INTERMARKET_SWEEP|REGULAR_HOURS
2021-11-15 14:58:34.492696064,9312905,T,SPY,468.445000,1,312446263,REGULAR_HOURS|ODD_LOT
2021-11-15 14:58:35.983560960,9319455,T,SPY,468.450000,60,312612970,REGULAR_HOURS|ODD_LOT
2021-11-15 14:58:41.719220992,9345261,T,SPY,468.470000,1,313285633,REGULAR_HOURS|ODD_LOT
2021-11-15 14:58:44.740305920,9357548,T,SPY,468.480000,100,313611871,INTERMARKET_SWEEP|REGULAR_HOURS
2021-11-15 14:58:46.324656128,9364747,T,SPY,468.480000,100,313801621,INTERMARKET_SWEEP|REGULAR_HOURS
2021-11-15 14:58:50.848075008,9386512,T,SPY,468.450000,1,314352191,REGULAR_HOURS|ODD_LOT
2021-11-15 14:58:53.62707968,9394848,T,SPY,468.430000,1,314579365,REGULAR_HOURS|ODD_LOT
2021-11-15 14:58:53.62739968,9394850,T,SPY,468.430000,1,314579397,REGULAR_HOURS|ODD_LOT
2021-11-15 14:58:53.62739968,9394856,T,SPY,468.430000,200,314579463,REGULAR_HOURS
2021-11-15 14:58:53.62991872,9394857,T,SPY,468.430000,100,314579511,REGULAR_HOURS
2021-11-15 14:58:53.62991872,9394859,T,SPY,468.430000,100,314579563,REGULAR_HOURS
2021-11-15 14:59:00.365664000,9425483,T,SPY,468.410000,200,315408166,REGULAR_HOURS
2021-11-15 14:59:00.366765056,9425486,T,SPY,468.410000,300,315408344,REGULAR_HOURS
2021-11-15 14:59:06.683463936,9456001,T,SPY,468.400000,1,316209853,REGULAR_HOURS|ODD_LOT
2021-11-15 14:59:07.664536064,9460033,T,SPY,468.385000,30,316320007,REGULAR_HOURS|ODD_LOT
2021-11-15 14:59:10.466280960,9472200,T,SPY,468.400000,36,316646015,INTERMARKET_SWEEP|REGULAR_HOURS|ODD_LOT
2021-11-15 14:59:10.466566912,9472204,T,SPY,468.400000,64,316646105,INTERMARKET_SWEEP|REGULAR_HOURS|ODD_LOT
2021-11-15 14:59:10.724389888,9473629,T,SPY,468.415000,100,316684491,REGULAR_HOURS
2021-11-15 14:59:12.256442112,9480899,T,SPY,468.430000,100,316870670,REGULAR_HOURS
2021-11-15 14:59:12.355006976,9481337,T,SPY,468.430000,74,316880964,REGULAR_HOURS|ODD_LOT
2021-11-15 14:59:15.70746112,9497763,T,SPY,468.450000,100,317315852,INTERMARKET_SWEEP|REGULAR_HOURS
2021-11-15 14:59:15.759000064,9502415,T,SPY,468.440000,1,317446304,REGULAR_HOURS|ODD_LOT
2021-11-15 14:59:22.637698048,9541143,T,SPY,468.470000,300,318435879,REGULAR_HOURS
2021-11-15 14:59:23.545234944,9545659,T,SPY,468.480000,2,318551113,REGULAR_HOURS|ODD_LOT
2021-11-15 14:59:24.528352000,9551334,T,SPY,468.485000,2,318691344,REGULAR_HOURS|ODD_LOT
2021-11-15 14:59:26.789137920,9565457,T,SPY,468.490000,1,319047794,REGULAR_HOURS|ODD_LOT
2021-11-15 14:59:29.724531968,9580172,T,SPY,468.450000,1,319426269,REGULAR_HOURS|ODD_LOT
2021-11-15 14:59:30.987991040,9588606,T,SPY,468.450000,1,319652061,REGULAR_HOURS|ODD_LOT
2021-11-15 14:59:32.35313920,9594618,T,SPY,468.420000,10,319817638,REGULAR_HOURS|ODD_LOT
2021-11-15 14:59:32.35315968,9594619,T,SPY,468.420000,89,319817647,REGULAR_HOURS|ODD_LOT
2021-11-15 14:59:36.391806976,9615857,T,SPY,468.430000,100,320376073,REGULAR_HOURS
2021-11-15 14:59:42.478895104,9642912,T,SPY,468.450000,1,321081725,REGULAR_HOURS|ODD_LOT
2021-11-15 14:59:43.643770112,9648938,T,SPY,468.465000,100,321239896,REGULAR_HOURS
2021-11-15 14:59:44.394951936,9653962,T,SPY,468.475000,60,321369414,REGULAR_HOURS|ODD_LOT
2021-11-15 14:59:45.733145088,9662169,T,SPY,468.500000,2,321594447,REGULAR_HOURS|ODD_LOT
2021-11-15 14:59:47.156776960,9670528,T,SPY,468.505000,3,321811237,REGULAR_HOURS|ODD_LOT
2021-11-15 14:59:47.159143936,9670539,T,SPY,468.505000,10,321811531,REGULAR_HOURS|ODD_LOT
2021-11-15 14:59:47.167921920,9670565,T,SPY,468.505000,1,321812206,REGULAR_HOURS|ODD_LOT
2021-11-15 14:59:47.470007040,9672098,T,SPY,468.510000,100,321850219,REGULAR_HOURS
2021-11-15 14:59:47.470585088,9672105,T,SPY,468.510000,89,321850420,REGULAR_HOURS|ODD_LOT
2021-11-15 14:59:48.946953984,9679635,T,SPY,468.515000,1,322038218,REGULAR_HOURS|ODD_LOT
2021-11-15 14:59:50.547849984,9686486,T,SPY,468.525000,100,322201915,REGULAR_HOURS
2021-11-15 14:59:51.802288896,9692789,T,SPY,468.550000,10,322344764,REGULAR_HOURS|ODD_LOT
2021-11-15 14:59:51.802323968,9692790,T,SPY,468.550000,10,322344774,REGULAR_HOURS|ODD_LOT
2021-11-15 14:59:53.153790976,9700230,T,SPY,468.520000,100,322498172,INTERMARKET_SWEEP|REGULAR_HOURS
2021-11-15 14:59:53.804471040,9702607,T,SPY,468.530000,100,322554353,INTERMARKET_SWEEP|REGULAR_HOURS
2021-11-15 14:59:54.408310016,9705479,T,SPY,468.550000,100,322617597,INTERMARKET_SWEEP|REGULAR_HOURS
2021-11-15 14:59:57.416843008,9720640,T,SPY,468.560000,1,322948569,INTERMARKET_SWEEP|REGULAR_HOURS|ODD_LOT
2021-11-15 14:59:59.629150976,9731462,T,SPY,468.570000,1,323225532,REGULAR_HOURS|ODD_LOT
2021-11-15 14:59:59.686395904,9731933,T,SPY,468.560000,100,323234835,INTERMARKET_SWEEP|REGULAR_HOURS
2021-11-15 15:00:01.643014912,9753026,T,SPY,468.530000,300,323695455,REGULAR_HOURS
2021-11-15 15:00:02.81502976,9756523,T,SPY,468.520000,200,323777624,INTERMARKET_SWEEP|REGULAR_HOURS
2021-11-15 15:00:03.21424896,9764700,T,SPY,468.510000,200,323963334,REGULAR_HOURS
2021-11-15 15:00:03.34653952,9764836,T,SPY,468.520000,500,323966942,REGULAR_HOURS
2021-11-15 15:00:03.34664960,9764837,T,SPY,468.520000,300,323966951,REGULAR_HOURS
2021-11-15 15:00:06.211182080,9783993,T,SPY,468.550000,200,324407776,REGULAR_HOURS
2021-11-15 15:00:06.211183104,9783995,T,SPY,468.550000,200,324407845,REGULAR_HOURS
2021-11-15 15:00:06.211184128,9784001,T,SPY,468.550000,200,324407912,REGULAR_HOURS
2021-11-15 15:00:08.720771072,9798998,T,SPY,468.510000,100,324761825,REGULAR_HOURS
2021-11-15 15:00:08.892197888,9799868,T,SPY,468.500000,50,324781261,REGULAR_HOURS|ODD_LOT
2021-11-15 15:00:09.629419008,9802827,T,SPY,468.510000,122,324849464,INTERMARKET_SWEEP|REGULAR_HOURS
2021-11-15 15:00:10.791004928,9811096,T,SPY,468.510000,1,325086287,INTERMARKET_SWEEP|REGULAR_HOURS|ODD_LOT
2021-11-15 15:00:10.791038976,9811097,T,SPY,468.510000,59,325086292,INTERMARKET_SWEEP|REGULAR_HOURS|ODD_LOT
2021-11-15 15:00:11.196474112,9813796,T,SPY,468.510000,31,325157691,INTERMARKET_SWEEP|REGULAR_HOURS|ODD_LOT
2021-11-15 15:00:16.405861888,9848822,T,SPY,468.450000,300,326126326,REGULAR_HOURS
2021-11-15 15:00:20.577293056,9868137,T,SPY,468.440000,1,326685568,INTERMARKET_SWEEP|REGULAR_HOURS|ODD_LOT|TRADE_THROUGH_EXEMPT
2021-11-15 15:00:25.413317888,9900944,T,SPY,468.395000,2,327601609,REGULAR_HOURS|ODD_LOT
2021-11-15 15:00:26.823162880,9909027,T,SPY,468.360000,1,327839243,REGULAR_HOURS|ODD_LOT
2021-11-15 15:00:27.108993024,9912216,T,SPY,468.340000,1,327925586,REGULAR_HOURS|ODD_LOT
2021-11-15 15:00:28.533543936,9921934,T,SPY,468.350000,200,328193400,INTERMARKET_SWEEP|REGULAR_HOURS
2021-11-15 15:00:28.533545984,9921935,T,SPY,468.350000,200,328193422,INTERMARKET_SWEEP|REGULAR_HOURS
2021-11-15 15:00:28.657138944,9922835,T,SPY,468.330000,100,328220344,REGULAR_HOURS
2021-11-15 15:00:29.266312960,9926435,T,SPY,468.330000,100,328320261,REGULAR_HOURS
2021-11-15 15:00:31.679795968,9945302,T,SPY,468.350000,2,328807162,REGULAR_HOURS|ODD_LOT
2021-11-15 15:00:37.964528896,9993457,T,SPY,468.320000,100,330040539,INTERMARKET_SWEEP|REGULAR_HOURS
2021-11-15 15:00:40.475898112,10008046,T,SPY,468.310000,1,330444491,REGULAR_HOURS|ODD_LOT
2021-11-15 15:00:44.446713088,10035223,T,SPY,468.310000,47,331181014,INTERMARKET_SWEEP|REGULAR_HOURS|ODD_LOT
2021-11-15 15:00:50.556954112,10063354,T,SPY,468.320000,100,331953967,INTERMARKET_SWEEP|REGULAR_HOURS
2021-11-15 15:00:50.600282112,10063681,T,SPY,468.320000,1,331963153,REGULAR_HOURS|ODD_LOT
2021-11-15 15:00:51.174829056,10066655,T,SPY,468.315000,5,332037660,REGULAR_HOURS|ODD_LOT
2021-11-15 15:00:53.557615104,10081471,T,SPY,468.260000,100,332430927,INTERMARKET_SWEEP|REGULAR_HOURS
2021-11-15 15:00:58.353356032,10108979,T,SPY,468.320000,200,333151546,REGULAR_HOURS
2021-11-15 15:01:02.471755008,10137209,T,SPY,468.385000,1,333909037,REGULAR_HOURS|ODD_LOT
2021-11-15 15:01:07.327695872,10163321,T,SPY,468.380000,1,334622628,INTERMARKET_SWEEP|REGULAR_HOURS|ODD_LOT
2021-11-15 15:01:07.367608064,10163862,T,SPY,468.360000,3,334638093,INTERMARKET_SWEEP|REGULAR_HOURS|ODD_LOT
2021-11-15 15:01:09.396658944,10173084,T,SPY,468.395000,4,334906510,REGULAR_HOURS|ODD_LOT
2021-11-15 15:01:09.499665920,10173688,T,SPY,468.380000,1,334928335,INTERMARKET_SWEEP|REGULAR_HOURS|ODD_LOT|TRADE_THROUGH_EXEMPT
2021-11-15 15:01:10.142010112,10177767,T,SPY,468.350000,1,335052079,REGULAR_HOURS|ODD_LOT
2021-11-15 15:01:10.142084096,10177777,T,SPY,468.350000,100,335052313,REGULAR_HOURS
2021-11-15 15:01:10.142100992,10177778,T,SPY,468.350000,100,335052367,REGULAR_HOURS
2021-11-15 15:01:10.758323968,10181359,T,SPY,468.350000,100,335153828,REGULAR_HOURS
2021-11-15 15:01:19.453312000,10227529,T,SPY,468.350000,1,336433993,REGULAR_HOURS|ODD_LOT
2021-11-15 15:01:19.453312000,10227533,T,SPY,468.350000,2,336434036,REGULAR_HOURS|ODD_LOT
2021-11-15 15:01:19.469324032,10228516,T,SPY,468.340000,10,336461229,INTERMARKET_SWEEP|REGULAR_HOURS|ODD_LOT
2021-11-15 15:01:24.107101952,10254451,T,SPY,468.360000,100,337170754,INTERMARKET_SWEEP|REGULAR_HOURS
2021-11-15 15:01:24.107137024,10254452,T,SPY,468.360000,300,337170765,INTERMARKET_SWEEP|REGULAR_HOURS
2021-11-15 15:01:24.114938112,10254528,T,SPY,468.360000,1,337172575,INTERMARKET_SWEEP|REGULAR_HOURS|ODD_LOT
2021-11-15 15:01:24.115040000,10254545,T,SPY,468.350000,200,337172976,REGULAR_HOURS
2021-11-15 15:01:24.115054080,10254548,T,SPY,468.350000,200,337173017,REGULAR_HOURS
2021-11-15 15:01:24.161508096,10255458,T,SPY,468.340000,200,337198110,REGULAR_HOURS
2021-11-15 15:01:30.301863936,10285733,T,SPY,468.380000,1,338029313,INTERMARKET_SWEEP|REGULAR_HOURS|ODD_LOT
2021-11-15 15:01:40.26077952,10334479,T,SPY,468.310000,100,339374262,INTERMARKET_SWEEP|REGULAR_HOURS
2021-11-15 15:01:45.306365952,10366210,T,SPY,468.260000,100,340204622,INTERMARKET_SWEEP|REGULAR_HOURS
2021-11-15 15:01:46.59975936,10370102,T,SPY,468.260000,15,340310730,INTERMARKET_SWEEP|REGULAR_HOURS|ODD_LOT
2021-11-15 15:01:48.553313024,10387218,T,SPY,468.220000,100,340761725,INTERMARKET_SWEEP|REGULAR_HOURS
2021-11-15 15:01:49.681495040,10398682,T,SPY,468.170000,100,341072673,INTERMARKET_SWEEP|REGULAR_HOURS
2021-11-15 15:01:50.264443904,10402152,T,SPY,468.170000,100,341170167,INTERMARKET_SWEEP|REGULAR_HOURS
2021-11-15 15:01:51.376632064,10408094,T,SPY,468.180000,200,341342869,INTERMARKET_SWEEP|REGULAR_HOURS
2021-11-15 15:01:52.604720896,10415146,T,SPY,468.140000,1,341547441,INTERMARKET_SWEEP|REGULAR_HOURS|ODD_LOT
2021-11-15 15:01:52.645306880,10415640,T,SPY,468.140000,100,341561369,REGULAR_HOURS
2021-11-15 15:01:53.749411072,10422546,T,SPY,468.135000,100,341748874,REGULAR_HOURS
2021-11-15 15:01:56.21936128,10434841,T,SPY,468.140000,1,342096407,REGULAR_HOURS|ODD_LOT
2021-11-15 15:01:58.704379904,10447116,T,SPY,468.130000,1,342430745,REGULAR_HOURS|ODD_LOT
2021-11-15 15:02:02.204404992,10479797,T,SPY,468.030000,1,343329449,REGULAR_HOURS|ODD_LOT
2021-11-15 15:02:02.214925056,10480004,T,SPY,468.030000,50,343335022,REGULAR_HOURS|ODD_LOT
2021-11-15 15:02:03.778953984,10490810,T,SPY,468.010000,2,343631380,INTERMARKET_SWEEP|REGULAR_HOURS|ODD_LOT
2021-11-15 15:02:03.779097088,10490811,T,SPY,468.010000,13,343631386,INTERMARKET_SWEEP|REGULAR_HOURS|ODD_LOT
2021-11-15 15:02:04.54011904,10493606,T,SPY,468.010000,70,343705528,REGULAR_HOURS|ODD_LOT
2021-11-15 15:02:04.54899968,10493689,T,SPY,468.010000,17,343707888,REGULAR_HOURS|ODD_LOT
2021-11-15 15:02:04.216680960,10496733,T,SPY,467.995000,5,343784588,REGULAR_HOURS|ODD_LOT
2021-11-15 15:02:06.787819008,10517286,T,SPY,468.000000,200,344373399,INTERMARKET_SWEEP|REGULAR_HOURS
2021-11-15 15:02:06.787820032,10517287,T,SPY,468.000000,200,344373453,INTERMARKET_SWEEP|REGULAR_HOURS
2021-11-15 15:02:06.789859072,10517615,T,SPY,467.980000,200,344382391,INTERMARKET_SWEEP|REGULAR_HOURS|TRADE_THROUGH_EXEMPT
2021-11-15 15:02:08.24524032,10528375,T,SPY,467.950000,100,344694416,INTERMARKET_SWEEP|REGULAR_HOURS
2021-11-15 15:02:08.501412096,10530853,T,SPY,467.970000,16,344768656,REGULAR_HOURS|ODD_LOT
2021-11-15 15:02:08.501466880,10530856,T,SPY,467.970000,15,344768666,REGULAR_HOURS|ODD_LOT
2021-11-15 15:02:12.188046080,10560681,T,SPY,467.960000,300,345629831,INTERMARKET_SWEEP|REGULAR_HOURS
2021-11-15 15:02:14.745314048,10580092,T,SPY,468.025000,40,346177767,REGULAR_HOURS|ODD_LOT
2021-11-15 15:02:19.649265920,10605537,T,SPY,468.010000,21,346902712,INTERMARKET_SWEEP|REGULAR_HOURS|ODD_LOT
2021-11-15 15:02:27.252414976,10649176,T,SPY,468.020000,100,348078905,INTERMARKET_SWEEP|REGULAR_HOURS
2021-11-15 15:02:40.320178944,10714447,T,SPY,467.900000,1,349901780,INTERMARKET_SWEEP|REGULAR_HOURS|ODD_LOT
2021-11-15 15:02:43.610597888,10732931,T,SPY,467.880000,1,350419658,REGULAR_HOURS|ODD_LOT
2021-11-15 15:02:46.266932992,10748843,T,SPY,467.860000,400,350852251,REGULAR_HOURS
2021-11-15 15:02:47.537959936,10757362,T,SPY,467.840000,1,351090385,REGULAR_HOURS|ODD_LOT
2021-11-15 15:02:48.364962048,10761899,T,SPY,467.820000,1,351222684,INTERMARKET_SWEEP|REGULAR_HOURS|ODD_LOT
2021-11-15 15:02:48.365056000,10761900,T,SPY,467.820000,1,351222691,INTERMARKET_SWEEP|REGULAR_HOURS|ODD_LOT
2021-11-15 15:02:48.365057024,10761901,T,SPY,467.820000,21,351222706,INTERMARKET_SWEEP|REGULAR_HOURS|ODD_LOT
2021-11-15 15:02:50.987098112,10775872,T,SPY,467.900000,57,351621974,REGULAR_HOURS|ODD_LOT
2021-11-15 15:02:55.700410880,10800642,T,SPY,467.900000,300,352262681,INTERMARKET_SWEEP|REGULAR_HOURS
2021-11-15 15:02:58.967676928,10814988,T,SPY,467.915000,400,352646078,REGULAR_HOURS
2021-11-15 15:03:04.449426944,10849881,T,SPY,468.000000,21,353595069,INTERMARKET_SWEEP|REGULAR_HOURS|ODD_LOT
2021-11-15 15:03:13.161818112,10898077,T,SPY,467.980000,2,354935258,REGULAR_HOURS|ODD_LOT
2021-11-15 15:03:13.161818880,10898080,T,SPY,467.980000,21,354935299,REGULAR_HOURS|ODD_LOT
2021-11-15 15:03:13.161818880,10898084,T,SPY,467.980000,800,354935335,REGULAR_HOURS
2021-11-15 15:03:14.643555072,10904325,T,SPY,467.980000,2,355107832,REGULAR_HOURS|ODD_LOT
2021-11-15 15:03:21.386802944,10934688,T,SPY,467.980000,21,355951252,INTERMARKET_SWEEP|REGULAR_HOURS|ODD_LOT
2021-11-15 15:03:21.386819072,10934689,T,SPY,467.980000,100,355951261,INTERMARKET_SWEEP|REGULAR_HOURS
2021-11-15 15:03:26.348892928,10956647,T,SPY,467.990000,47,356560775,REGULAR_HOURS|ODD_LOT
2021-11-15 15:03:27.33166080,10959827,T,SPY,467.990000,1,356650542,REGULAR_HOURS|ODD_LOT
2021-11-15 15:03:29.410174976,10970715,T,SPY,467.960000,100,356957226,REGULAR_HOURS
2021-11-15 15:03:29.410547968,10970754,T,SPY,467.960000,100,356958192,INTERMARKET_SWEEP|REGULAR_HOURS
2021-11-15 15:03:33.545892096,10991232,T,SPY,467.930000,21,357525125,REGULAR_HOURS|ODD_LOT
2021-11-15 15:03:33.545892096,10991235,T,SPY,467.930000,400,357525214,REGULAR_HOURS
2021-11-15 15:03:37.471034880,11012020,T,SPY,467.895000,100,358126849,REGULAR_HOURS
2021-11-15 15:03:37.523132928,11012437,T,SPY,467.895000,119,358136657,REGULAR_HOURS
2021-11-15 15:03:43.195581952,11035394,T,SPY,467.900000,21,358769628,REGULAR_HOURS|ODD_LOT
2021-11-15 15:03:58.873203968,11105866,T,SPY,467.920000,7,360653395,REGULAR_HOURS|ODD_LOT
2021-11-15 15:04:01.90395904,11121330,T,SPY,467.880000,10,361065878,REGULAR_HOURS|ODD_LOT
2021-11-15 15:04:03.56745984,11135594,T,SPY,467.890000,21,361425479,REGULAR_HOURS|ODD_LOT
2021-11-15 15:04:03.751430912,11140642,T,SPY,467.870000,1,361567177,INTERMARKET_SWEEP|REGULAR_HOURS|ODD_LOT
2021-11-15 15:04:20.607373056,11232478,T,SPY,467.850000,100,364043050,INTERMARKET_SWEEP|REGULAR_HOURS
2021-11-15 15:04:33.891386880,11305967,T,SPY,467.930000,1,365996394,INTERMARKET_SWEEP|REGULAR_HOURS|ODD_LOT
2021-11-15 15:04:51.155241984,11382393,T,SPY,467.930000,1,368055607,INTERMARKET_SWEEP|REGULAR_HOURS|ODD_LOT
2021-11-15 15:05:14.270321920,11510229,T,SPY,468.000000,1,371510792,INTERMARKET_SWEEP|REGULAR_HOURS|ODD_LOT
2021-11-15 15:05:33.978784000,11616177,T,SPY,467.910000,1,374392108,INTERMARKET_SWEEP|REGULAR_HOURS|ODD_LOT
2021-11-15 15:05:42.879100928,11660677,T,SPY,467.940000,100,375582528,INTERMARKET_SWEEP|REGULAR_HOURS
2021-11-15 15:05:57.96801024,11729789,T,SPY,467.920000,1,377372630,INTERMARKET_SWEEP|REGULAR_HOURS|ODD_LOT
2021-11-15 15:06:02.482476032,11762242,T,SPY,467.940000,99,378211178,REGULAR_HOURS|ODD_LOT
2021-11-15 15:06:14.326213120,11830042,T,SPY,467.935000,300,380059625,REGULAR_HOURS
2021-11-15 15:06:19.893331968,11854371,T,SPY,467.920000,1100,380726854,REGULAR_HOURS
2021-11-15 15:06:28.89070080,11889853,T,SPY,467.940000,47,381663221,REGULAR_HOURS|ODD_LOT
2021-11-15 15:06:28.568733952,11898797,T,SPY,468.040000,300,381906067,REGULAR_HOURS
2021-11-15 15:06:28.568777984,11898801,T,SPY,468.040000,100,381906134,REGULAR_HOURS
2021-11-15 15:06:29.72626944,11901715,T,SPY,468.030000,1,381987785,REGULAR_HOURS|ODD_LOT
2021-11-15 15:06:32.126872064,11916953,T,SPY,468.040000,300,382402165,INTERMARKET_SWEEP|REGULAR_HOURS|TRADE_THROUGH_EXEMPT
2021-11-15 15:06:37.5377024,11940954,T,SPY,468.020000,100,383026301,INTERMARKET_SWEEP|REGULAR_HOURS
2021-11-15 15:06:37.5412096,11940955,T,SPY,468.020000,100,383026310,INTERMARKET_SWEEP|REGULAR_HOURS
2021-11-15 15:06:38.266223104,11947713,T,SPY,467.990000,100,383195947,REGULAR_HOURS
2021-11-15 15:06:44.304835072,11977116,T,SPY,467.965000,100,383984265,REGULAR_HOURS
2021-11-15 15:06:47.105327104,11989061,T,SPY,467.950000,35,384304628,REGULAR_HOURS|ODD_LOT
2021-11-15 15:06:47.937161984,11994504,T,SPY,467.920000,263,384446990,INTERMARKET_SWEEP|REGULAR_HOURS
2021-11-15 15:06:47.937163008,11994505,T,SPY,467.920000,39,384447028,INTERMARKET_SWEEP|REGULAR_HOURS|ODD_LOT
2021-11-15 15:06:49.355705088,12003271,T,SPY,467.900000,56,384688706,REGULAR_HOURS|ODD_LOT
2021-11-15 15:06:50.979872000,12009999,T,SPY,467.920000,9,384860095,INTERMARKET_SWEEP|REGULAR_HOURS|ODD_LOT
2021-11-15 15:07:03.407003904,12064615,T,SPY,467.975000,300,386360524,REGULAR_HOURS
2021-11-15 15:07:16.292342016,12130367,T,SPY,467.980000,14,388107023,REGULAR_HOURS|ODD_LOT
2021-11-15 15:07:23.697105920,12164230,T,SPY,467.990000,7,389012839,REGULAR_HOURS|ODD_LOT
2021-11-15 15:07:25.484719104,12172845,T,SPY,468.000000,1,389231494,REGULAR_HOURS|ODD_LOT
2021-11-15 15:07:30.447379968,12197966,T,SPY,468.040000,1,389888880,REGULAR_HOURS|ODD_LOT
2021-11-15 15:07:30.447380992,12197967,T,SPY,468.040000,1,389888890,REGULAR_HOURS|ODD_LOT
2021-11-15 15:07:32.174640896,12207316,T,SPY,468.060000,1,390158172,REGULAR_HOURS|ODD_LOT
2021-11-15 15:07:33.410211072,12214692,T,SPY,468.065000,300,390355897,REGULAR_HOURS
2021-11-15 15:07:35.257447936,12225625,T,SPY,468.060000,300,390636631,REGULAR_HOURS
2021-11-15 15:08:34.17985024,12523560,T,SPY,467.990000,2,398616001,INTERMARKET_SWEEP|REGULAR_HOURS|ODD_LOT
2021-11-15 15:08:41.159768064,12557467,T,SPY,467.945000,100,399547296,REGULAR_HOURS
2021-11-15 15:08:41.160374016,12557482,T,SPY,467.945000,5,399547657,REGULAR_HOURS|ODD_LOT
2021-11-15 15:08:42.29028096,12560978,T,SPY,467.950000,3,399647180,REGULAR_HOURS|ODD_LOT
2021-11-15 15:08:43.508773888,12566928,T,SPY,467.940000,100,399810080,INTERMARKET_SWEEP|REGULAR_HOURS
2021-11-15 15:08:49.523909120,12595084,T,SPY,468.000000,100,400579317,REGULAR_HOURS
2021-11-15 15:08:56.460399104,12620696,T,SPY,467.990000,100,401261902,INTERMARKET_SWEEP|REGULAR_HOURS
2021-11-15 15:08:59.814821120,12634934,T,SPY,467.970000,1,401650930,REGULAR_HOURS|ODD_LOT
2021-11-15 15:09:00.17408000,12635904,T,SPY,467.970000,70,401673301,INTERMARKET_SWEEP|REGULAR_HOURS|ODD_LOT
2021-11-15 15:09:00.17470976,12635914,T,SPY,467.970000,29,401673418,REGULAR_HOURS|ODD_LOT
2021-11-15 15:09:01.294814976,12642461,T,SPY,467.990000,1,401848187,REGULAR_HOURS|ODD_LOT
2021-11-15 15:09:07.121635072,12671212,T,SPY,467.960000,10,402604724,REGULAR_HOURS|ODD_LOT
2021-11-15 15:09:23.616041984,12764498,T,SPY,468.010000,1,405058694,INTERMARKET_SWEEP|REGULAR_HOURS|ODD_LOT
2021-11-15 15:09:33.992080896,12821169,T,SPY,467.980000,10,406540813,REGULAR_HOURS|ODD_LOT
2021-11-15 15:09:48.437815040,12895545,T,SPY,467.930000,100,408569329,INTERMARKET_SWEEP|REGULAR_HOURS
2021-11-15 15:09:58.962974976,12943280,T,SPY,467.850000,500,409841655,INTERMARKET_SWEEP|REGULAR_HOURS
2021-11-15 15:09:58.963010048,12943282,T,SPY,467.850000,500,409841665,INTERMARKET_SWEEP|REGULAR_HOURS
2021-11-15 15:10:01.459000064,12955051,T,SPY,467.840000,1,410161422,INTERMARKET_SWEEP|REGULAR_HOURS|ODD_LOT|TRADE_THROUGH_EXEMPT
2021-11-15 15:10:06.312785920,12990597,T,SPY,467.780000,100,411143591,INTERMARKET_SWEEP|REGULAR_HOURS
2021-11-15 15:10:09.417236992,13009642,T,SPY,467.750000,300,411670197,INTERMARKET_SWEEP|REGULAR_HOURS
2021-11-15 15:10:14.768496128,13046607,T,SPY,467.800000,10,412645155,REGULAR_HOURS|ODD_LOT
2021-11-15 15:10:14.969383936,13047928,T,SPY,467.810000,300,412681980,REGULAR_HOURS
2021-11-15 15:10:15.78706944,13048967,T,SPY,467.800000,1,412709296,REGULAR_HOURS|ODD_LOT
2021-11-15 15:10:35.514494976,13176948,T,SPY,467.860000,2,416201054,REGULAR_HOURS|ODD_LOT
2021-11-15 15:10:41.999357952,13204337,T,SPY,467.840000,100,416925573,INTERMARKET_SWEEP|REGULAR_HOURS
2021-11-15 15:10:41.999378944,13204338,T,SPY,467.840000,100,416925578,INTERMARKET_SWEEP|REGULAR_HOURS
2021-11-15 15:10:49.24717056,13239870,T,SPY,467.780000,1,417884910,REGULAR_HOURS|ODD_LOT
2021-11-15 15:10:49.24718080,13239871,T,SPY,467.780000,100,417884969,REGULAR_HOURS
2021-11-15 15:11:02.794691072,13315915,T,SPY,467.870000,150,419865134,REGULAR_HOURS
2021-11-15 15:11:03.305445888,13319620,T,SPY,467.895000,9,419973945,REGULAR_HOURS|ODD_LOT
2021-11-15 15:11:11.855373056,13368438,T,SPY,467.940000,56,421247793,INTERMARKET_SWEEP|REGULAR_HOURS|ODD_LOT
2021-11-15 15:11:11.860665088,13368539,T,SPY,467.940000,41,421251194,INTERMARKET_SWEEP|REGULAR_HOURS|ODD_LOT
2021-11-15 15:11:11.863451904,13368603,T,SPY,467.940000,3,421252503,INTERMARKET_SWEEP|REGULAR_HOURS|ODD_LOT
2021-11-15 15:11:11.863451904,13368604,T,SPY,467.940000,100,421252512,INTERMARKET_SWEEP|REGULAR_HOURS
2021-11-15 15:11:13.187525120,13374186,T,SPY,467.945000,5,421399110,REGULAR_HOURS|ODD_LOT
2021-11-15 15:11:23.413518080,13426965,T,SPY,467.975000,100,422789867,REGULAR_HOURS
2021-11-15 15:11:41.676027904,13513076,T,SPY,467.930000,1,425039561,REGULAR_HOURS|ODD_LOT
2021-11-15 15:11:45.116656128,13532929,T,SPY,467.870000,1,425586483,REGULAR_HOURS|ODD_LOT
2021-11-15 15:12:00.169428992,13603721,T,SPY,467.850000,2,427482526,INTERMARKET_SWEEP|REGULAR_HOURS|ODD_LOT
2021-11-15 15:12:08.454896128,13645278,T,SPY,467.800000,1,428602944,REGULAR_HOURS|ODD_LOT
2021-11-15 15:12:08.892794112,13647320,T,SPY,467.780000,2,428657440,REGULAR_HOURS|ODD_LOT
2021-11-15 15:12:09.298817024,13650382,T,SPY,467.760000,300,428738004,INTERMARKET_SWEEP|REGULAR_HOURS
2021-11-15 15:12:09.298836992,13650383,T,SPY,467.760000,300,428738009,INTERMARKET_SWEEP|REGULAR_HOURS
2021-11-15 15:12:10.698326016,13656837,T,SPY,467.790000,300,428914359,INTERMARKET_SWEEP|REGULAR_HOURS
2021-11-15 15:12:11.497864960,13660806,T,SPY,467.770000,500,429016905,INTERMARKET_SWEEP|REGULAR_HOURS
2021-11-15 15:12:11.497882880,13660807,T,SPY,467.770000,300,429016910,INTERMARKET_SWEEP|REGULAR_HOURS
2021-11-15 15:12:12.152406016,13669002,T,SPY,467.760000,5,429229067,INTERMARKET_SWEEP|REGULAR_HOURS|ODD_LOT
2021-11-15 15:12:12.152637952,13669010,T,SPY,467.760000,26,429229354,INTERMARKET_SWEEP|REGULAR_HOURS|ODD_LOT
2021-11-15 15:12:12.152715008,13669015,T,SPY,467.760000,16,429229451,INTERMARKET_SWEEP|REGULAR_HOURS|ODD_LOT
2021-11-15 15:12:24.933665024,13729785,T,SPY,467.720000,1,430772460,INTERMARKET_SWEEP|REGULAR_HOURS|ODD_LOT
2021-11-15 15:12:24.933666048,13729788,T,SPY,467.720000,2,430772468,INTERMARKET_SWEEP|REGULAR_HOURS|ODD_LOT
2021-11-15 15:12:24.933668096,13729790,T,SPY,467.720000,300,430772480,INTERMARKET_SWEEP|REGULAR_HOURS
2021-11-15 15:12:29.105105920,13751837,T,SPY,467.800000,300,431326533,REGULAR_HOURS
2021-11-15 15:12:30.856506112,13764371,T,SPY,467.830000,300,431663317,INTERMARKET_SWEEP|REGULAR_HOURS
2021-11-15 15:12:37.644647936,13796246,T,SPY,467.850000,100,432476291,INTERMARKET_SWEEP|REGULAR_HOURS
2021-11-15 15:12:43.231738112,13826862,T,SPY,467.870000,100,433269538,INTERMARKET_SWEEP|REGULAR_HOURS
2021-11-15 15:12:48.90050048,13850773,T,SPY,467.870000,100,433884129,REGULAR_HOURS
2021-11-15 15:13:03.149078016,13920778,T,SPY,467.930000,66,435711199,REGULAR_HOURS|ODD_LOT
2021-11-15 15:13:03.711560960,13924981,T,SPY,467.930000,42,435820337,INTERMARKET_SWEEP|REGULAR_HOURS|ODD_LOT
2021-11-15 15:13:07.775184896,13948224,T,SPY,467.930000,2,436441543,REGULAR_HOURS|ODD_LOT
2021-11-15 15:13:08.653523968,13952211,T,SPY,467.930000,100,436555552,REGULAR_HOURS
2021-11-15 15:13:27.492723968,14053677,T,SPY,467.790000,10,439198711,INTERMARKET_SWEEP|REGULAR_HOURS|ODD_LOT
2021-11-15 15:13:28.624378112,14059478,T,SPY,467.790000,25,439354546,REGULAR_HOURS|ODD_LOT
2021-11-15 15:13:31.925504000,14073459,T,SPY,467.790000,1,439707675,INTERMARKET_SWEEP|REGULAR_HOURS|ODD_LOT
2021-11-15 15:13:40.892936960,14114018,T,SPY,467.800000,3,440723070,REGULAR_HOURS|ODD_LOT
2021-11-15 15:13:48.838589952,14150291,T,SPY,467.860000,300,441634556,INTERMARKET_SWEEP|REGULAR_HOURS
2021-11-15 15:13:50.742102016,14158699,T,SPY,467.880000,300,441842428,INTERMARKET_SWEEP|REGULAR_HOURS
2021-11-15 15:13:50.742118912,14158700,T,SPY,467.880000,190,441842433,INTERMARKET_SWEEP|REGULAR_HOURS
2021-11-15 15:13:51.516506880,14164520,T,SPY,467.880000,2,441979854,REGULAR_HOURS|ODD_LOT
2021-11-15 15:13:51.589627904,14164965,T,SPY,467.880000,298,441989630,INTERMARKET_SWEEP|REGULAR_HOURS
2021-11-15 15:13:53.650190080,14176912,T,SPY,467.860000,300,442285104,INTERMARKET_SWEEP|REGULAR_HOURS
